1422 2476
746 169 781 212 6,

171 296 224 336 Et
242 298 419 338 desolatis
438 300 572 340 Romae
591 301 827 343 dominantia
845 306 989 357 campis

173 383 319 423 Moenia
336 398 375 423 se
394 386 546 434 tollunt,
564 387 789 441 radiantque
806 390 847 429 in
861 391 1029 431 turribus
1047 405 1166 431 arma.

175 470 230 508 At
248 470 379 521 procul
396 471 554 510 aerisono
572 473 692 523 pubes
704 474 824 514 effusa
841 477 1012 516 tumultu

170 554 341 605 Excipit,
353 558 406 603 et,
426 556 511 594 coeli
529 559 733 607 postquam
751 561 939 599 sententia
953 562 1065 600 certis

171 639 343 678 Firmata
359 641 542 693 auguriis,
554 654 680 693 regem
699 643 859 682 clamore
873 646 1015 685 salutat

171 723 372 763 Sublatum
391 720 546 776 elypeis,
565 727 734 779 solioque
751 728 915 779 imponit
932 744 1077 770 acerno.

170 810 240 849 Ille
258 824 372 861 super
385 811 518 862 plenos
535 814 711 862 praesenti
728 815 883 853 numine
900 816 1030 855 vultus

170 894 309 947 Erigit,
328 896 564 948 inspiratque
582 911 721 936 novam
739 899 888 950 placido
908 914 969 939 ore
988 902 1153 953 quietem
1172 915 1184 948 ;

172 980 318 1029 Qualis,
334 981 400 1019 ubi
419 983 546 1020 effusae
566 983 644 1025 iam
663 983 866 1023 detonuere
884 987 1056 1035 procellae

170 1065 268 1104 Solis
285 1066 334 1104 ad
353 1079 538 1114 occasum,
557 1067 800 1119 gravidaeque
819 1069 1012 1108 volumina
1029 1075 1130 1110 retro

171 1150 296 1189 Lenta
312 1152 470 1190 trahunt
483 1152 616 1200 nubes,
636 1158 793 1204 apparet
811 1154 954 1194 lumine
973 1156 1078 1194 molli

171 1234 390 1286 Hesperus:
420 1236 528 1275 illum
547 1237 624 1275 alto
642 1237 784 1276 montis
802 1238 848 1276 de
866 1239 1004 1278 vertice
1022 1246 1152 1290 pastor

171 1319 296 1367 Vidit,
316 1322 354 1357 et
373 1319 525 1357 insolito
544 1323 714 1358 tentatur
730 1326 883 1371 pectora
900 1335 1026 1361 sensu.

221 1489 372 1539 Aspera
389 1489 568 1528 continuo
587 1490 807 1540 praedonum
826 1492 965 1530 saecula
982 1493 1108 1543 regnis

170 1574 335 1613 Mitibus
352 1579 571 1613 assuescunt
587 1590 595 1612 :
625 1575 777 1626 penitus
794 1576 981 1626 sapientia
995 1581 1142 1616 mentes

169 1658 382 1706 Edomitas,
401 1672 584 1711 puraeque
599 1662 704 1697 tenet
721 1659 875 1710 pietatis
887 1661 1026 1714 imago-

168 1744 322 1783 Limina
339 1745 466 1782 clausa
482 1744 594 1783 silent
611 1744 713 1791 belli,
732 1745 892 1797 telisque
906 1747 1065 1797 repostis

170 1827 344 1867 Defessae
363 1831 501 1866 coeunt
519 1831 652 1878 optata
670 1828 710 1866 in
727 1828 869 1867 foedera
882 1835 1029 1880 gentes.

170 1911 284 1950 Unus
301 1911 493 1950 inassueta
510 1915 666 1950 cunctos
686 1911 882 1950 dulcedine
900 1914 1014 1952 solvit

172 1995 287 2035 Pacis
307 2009 429 2034 amor:
459 1996 597 2046 cupida
614 2010 741 2049 regem
760 1997 909 2036 cinxere
928 2011 1077 2048 corona,

171 2083 225 2122 Et
236 2085 378 2121 sanctoe
396 2081 611 2121 veneranda
627 2081 763 2121 bibunt
781 2083 931 2123 oracula
950 2084 1065 2124 vocis.
