1358 2470
154 234 200 272 16
273 245 465 277 QUAENAM
488 243 644 273 FUERIT
666 243 953 274 CERTAMINUM
978 244 1255 275 PUBLICORUM

146 343 342 399 consequi
386 342 573 384 homines
616 342 781 398 possint.
856 343 980 385 Unde
1023 345 1134 386 enim
1175 360 1313 386 veram

144 410 315 464 gloriam
346 410 422 452 nisi
453 410 506 452 ab
535 410 700 466 optimis
729 411 825 453 viris
858 412 1027 467 adipisci
1068 410 1316 468 possumus?

147 476 232 525 Qui
251 477 377 532 igitur
396 477 457 519 vir
476 478 667 534 politicus
686 478 738 520 ad
759 478 996 535 opinionem
1023 488 1148 535 atque
1176 479 1316 521 existi-

145 545 370 586 mationem
403 545 512 587 cives
546 560 710 602 semper
744 547 946 602 respicere
977 547 1178 597 docuerit,
1212 548 1314 589 nihil

145 611 222 653 sibi
262 612 382 654 fulcri
428 612 624 669 relinquit
662 628 746 670 quo
792 622 934 656 eontra
977 614 1313 670 depravationem

144 679 377 721 animorum
416 680 606 722 luctetur.
678 680 804 729 Quod
842 681 988 723 vitium
1029 681 1209 736 publicae
1248 681 1313 722 isti

144 755 331 789 veterum
361 748 607 790 institutioni
636 763 684 790 ac
710 748 820 799 vitae,
841 749 958 805 cujus
987 749 1214 791 certamina
1243 764 1314 790 ex-

144 814 329 870 emplum
366 822 462 856 sunt
495 814 607 856 haud
639 814 876 866 minimum,
911 815 1076 871 penitus
1108 815 1312 857 inhaerere

143 882 244 923 mihi
277 882 450 924 videtur.
514 882 640 923 Fiunt
674 882 810 938 palam
845 883 996 926 omnia.
1060 883 1312 939 Respublica

142 962 223 994 non
240 952 417 994 ·radices
450 951 548 1007 agit,
581 966 661 992 non
699 966 742 992 se
777 951 862 993 solo
896 951 1036 1006 affigit.
1098 951 1311 1000 Quemad-

141 1020 311 1061 modum
354 1019 468 1060 enim
508 1018 550 1059 in
595 1018 841 1072 navigando,
881 1026 1037 1074 quanto
1075 1018 1168 1073 plus
1204 1018 1311 1060 alvei

139 1095 254 1129 extra
283 1101 434 1142 aquam
464 1085 705 1134 ostenderis,
726 1092 842 1126 tanto
867 1084 1028 1126 facilius
1054 1085 1168 1126 navis
1194 1099 1310 1126 ever-

138 1154 261 1196 titur:
307 1153 661 1210 quemadmodum
694 1152 738 1194 in
773 1151 971 1201 aedificiis,
1003 1151 1046 1192 in
1080 1151 1308 1200 arboribus,

139 1221 314 1263 sustinet
333 1220 437 1262 illud
457 1222 620 1262 tanturn
648 1220 761 1276 quod
789 1219 912 1260 latet:
943 1219 1002 1260 sic
1029 1218 1071 1259 in
1092 1217 1307 1259 hominum

138 1289 222 1331 vita
242 1288 355 1330 'nihil
384 1287 545 1336 stabile,
576 1295 779 1336 constans,
810 1295 960 1335 ratum,
990 1285 1063 1327 ubi
1096 1285 1236 1327 omnia
1264 1285 1307 1326 in

138 1356 325 1398 omnium
364 1354 494 1397 oculis
532 1369 580 1396 ac
619 1354 860 1396 celebritate
897 1359 1124 1395 versantur.
1197 1351 1308 1394 Mihi

137 1424 307 1481 quidem
339 1423 543 1479 ejusmodi
577 1422 764 1464 instituta
797 1420 998 1463 memoria
1029 1419 1233 1475 repetenti
1263 1420 1305 1462 in

137 1498 323 1533 mentem
342 1489 483 1531 venire
512 1489 617 1531 solet
639 1502 1060 1543 monogrammorum,
1080 1502 1183 1543 quos
1205 1487 1307 1543 Epi-

136 1574 258 1602 curus
287 1558 420 1608 finxit,
458 1557 661 1609 Deorum,
694 1571 776 1598 non
808 1555 1051 1610 sanguinem
1081 1554 1154 1596 sed
1187 1555 1303 1611 quasi

135 1627 393 1682 sanguinem,
433 1641 516 1668 non
556 1640 703 1681 corpus
745 1625 818 1667 sed
865 1623 983 1681 quasi
1031 1637 1178 1679 corpus
1231 1623 1304 1665 ha·-

134 1695 337 1736 bentium.
409 1692 518 1735 Nam
554 1692 729 1749 quisque
767 1691 867 1733 civis
898 1699 962 1734 est
998 1690 1112 1732 idem
1153 1690 1300 1732 homo:

133 1762 217 1804 suis
245 1761 420 1818 quisque
454 1769 694 1816 procreatur
731 1757 983 1814 parentibus,
1019 1771 1136 1799 suam
1174 1756 1303 1798 habet.

133 1843 317 1879 uxorem,
357 1842 452 1870 suos
496 1836 684 1884 procreat
731 1826 896 1877 liberos,
935 1839 1051 1866 suam
1097 1838 1187 1865 rem
1234 1832 1301 1865 tu-

131 1905 246 1947 etur;
295 1911 390 1953 quae
419 1895 589 1952 quidem
618 1909 792 1936 munera
829 1893 926 1935 cnm
966 1891 1132 1934 nomine
1170 1891 1300 1933 civico

132 1966 434 2014 contineantur,
456 1964 498 2004 in
519 1963 687 2020 publica
706 1962 783 2004 ista
802 1961 889 2004 vita
914 1960 1070 2016 expleri
1097 1974 1178 2002 non
1206 1973 1300 2015 pos-

131 2041 240 2077 sunt.
298 2033 474 2074 Veteres
503 2038 657 2080 autem,
688 2031 766 2072 hoc
798 2038 872 2080 est,
905 2029 1058 2081 Graeci‚
1086 2028 1145 2070 ita
1170 2027 1300 2070 socie-

133 2111 261 2144 tatem
296 2101 522 2142 humanam
562 2098 812 2140 intellexisse
850 2097 1044 2139 videntur
1081 2106 1296 2152 tamquam

131 2171 274 2213 fuisset
292 2169 439 2211 eadem
459 2168 639 2210 virorum
660 2169 821 2208 tantum
843 2180 938 2207 cum
959 2165 1053 2206 viris
1072 2163 1295 2220 aequalium
