1358 2470
195 314 265 349 huc
291 319 540 349 reverteretur.
587 314 703 348 Janus
720 318 842 348 autem
868 314 898 349 is
920 319 1008 357 erat,
1033 325 1141 360 quem
1164 314 1306 349 Etrusci

192 371 284 405 coelo
294 371 528 416 praeficerent,
537 371 599 416 qui
611 371 805 414 cardinem,
818 371 880 416 qui
892 371 1134 406 decumanum
1146 370 1183 405 in
1194 382 1306 405 manu

192 431 331 462 teneret
351 432 646 472 converteretque
661 431 696 469 :†
721 427 887 473 idemque
914 439 936 462 a
952 427 1125 462 Romanis
1150 427 1304 462 transla-

193 488 251 518 tus
264 484 387 529 januae
404 484 618 528 praepositus
637 488 702 527 est,
721 495 810 529 quos
830 483 1022 518 verisimile
1042 484 1089 518 sit
1103 494 1145 518 ea
1160 495 1241 528 quoe
1259 484 1305 518 ab

192 539 354 575 Etruscis
371 541 589 585 accepissent
604 551 687 574 cum
706 540 918 575 Latinorum
935 540 1042 575 sacris
1056 539 1302 575 immiscuisse.

189 597 240 630 At
255 596 498 630 Vertumnum
517 598 540 616 “
559 596 681 630 Deum
698 597 855 631 Etruriae
872 596 1096 642 principem”
1114 596 1209 641 apud
1229 596 1303 631 Ro-

190 664 316 687 manos
331 653 441 687 etiam
457 653 494 686 in
521 653 647 687 eodem
673 653 840 687 habitum
862 653 997 688 honore
1014 652 1227 698 accepimus,
1246 653 1303 687 cui

189 714 315 755 gentes
334 710 450 744 ambae
472 721 603 744 munus
625 709 714 744 illud
733 709 949 750 tribuerunt,
966 715 1009 744 ut
1035 710 1122 744 anni
1145 715 1301 755 tempes-

189 768 279 798 tates
303 768 455 809 regeret,
478 774 671 808 rerumque
696 763 859 798 omnium
879 769 976 799 certo
998 763 1124 798 ordine
1146 763 1301 799 circum-

187 824 312 866 ageret
333 820 562 854 mutationes.
613 820 740 854 Statua
761 820 838 866 ejus
867 821 993 855 Romae
1022 821 1059 854 in
1080 820 1196 855 'rusco
1222 820 1302 855 vico

187 877 326 921 locata;
352 877 468 911 cultus
480 877 662 920 Etruscus,
682 877 792 910 etiam
808 888 941 911 nomen
952 888 973 912 a
991 877 1164 912 Romanis
1181 888 1300 911 serva-

187 936 298 976 tum.‡
347 933 444 973 Quid
470 933 636 984 singu—la?
686 933 782 967 Nam
802 933 991 968 universus
1014 933 1119 980 poene
1136 934 1300 968 Deorum

187 990 344 1024 mundus
363 1001 408 1024 ex
426 989 661 1024 Etruscorum
679 990 770 1025 coelo
787 991 1037 1025 descendebat.
1087 990 1184 1025 Hinc
1201 991 1299 1024 enim

187 1046 374 1090 Saturnus,
393 1046 477 1081 hinc
498 1046 617 1090 Ceres,
645 1046 729 1081 hinc
750 1047 941 1092 Neptunus
966 1046 1094 1081 etiam:
1121 1058 1194 1082 non
1217 1047 1298 1082 illos

185 1104 265 1138 dico
287 1104 384 1138 Deos
408 1103 513 1148 ipsos,
535 1103 596 1137 sed
621 1103 768 1137 nomina
787 1103 969 1149 quaedam,
998 1114 1153 1149 quorum
1173 1107 1297 1138 tamen

185 1160 261 1195 vim
278 1165 315 1194 et
329 1164 507 1203 naturam,
526 1170 599 1194 non
615 1171 635 1194 e
651 1165 771 1194 vetere
785 1171 935 1194 avorum
952 1172 1029 1204 usu,
1043 1161 1105 1195 sed
1122 1172 1142 1195 e
1160 1160 1298 1195 Graecis

185 1217 316 1251 fabulis
334 1216 489 1251 Romani
508 1209 937 1261 explicuffffi‘fffi‘ffoffi
948 1213 1081 1261 autem,
1097 1217 1122 1251 J
1126 1227 1295 1260 unonem‚

186 1274 462 1317 Minervamque
492 1283 514 1306 a
545 1272 741 1318 Tarquinio
775 1272 931 1307 Romam
963 1273 1153 1308 translatos
1184 1273 1294 1307 etiam

184 1330 432 1364 Romanorum
452 1329 597 1363 annalia
615 1334 909 1374 commemorant,
930 1341 1019 1374 quos
1040 1341 1138 1364 more
1164 1330 1293 1364 Etrus·

181 1397 305 1421 corum
330 1386 369 1419 in
391 1397 506 1433 unum
525 1384 701 1435 confertos
728 1386 766 1420 in
783 1386 962 1431 Capitolio
983 1386 1158 1421 colebant.
1207 1387 1230 1420 J
1234 1398 1293 1421 am

181 1442 360 1488 aruspices
377 1433 415 1476 et
427 1441 520 1476 fabri
537 1441 583 1476 ad
605 1431 856 1477 aeffificandum
873 1442 1050 1488 templum
1073 1443 1119 1477 ab
1144 1442 1294 1478 Etruria

182 1498 310 1533 acciti:
348 1498 433 1533 fana
465 1498 692 1542 Sabinorum,
732 1510 814 1544 quae
847 1510 868 1532 a
898 1499 1002 1533 Tatio
1033 1510 1117 1545 rege
1143 1499 1223 1544 jam
1253 1499 1291 1534 in

180 1555 284 1589 initio
299 1555 397 1589 urbis
412 1560 497 1589 vota
514 1559 640 1598 essent,
660 1560 895 1601 exaugurata.
947 1555 1038 1590 Haec
1055 1555 1125 1590 tria
1140 1555 1291 1591 numina

178 1611 292 1655 fuere,
315 1622 396 1656 quae
415 1611 452 1644 in
475 1611 574 1645 omni
598 1611 834 1646 Etruscorum
859 1611 992 1657 oppido
1019 1612 1117 1647 culta
1145 1612 1291 1648 vinculo

177 1668 338 1714 quodam
365 1667 562 1713 relligionis
587 1667 683 1702 inter
707 1679 744 1702 se
769 1668 940 1703 videntur
965 1668 1150 1703 contineri.
1202 1669 1290 1704 Erat

178 1725 277 1759 enim
297 1724 444 1770 Jupiter
466 1724 689 1759 terrestrium
714 1736 835 1759 rerum
856 1724 1033 1768 columen,
1057 1725 1119 1770 qui
1144 1725 1289 1772 fulgura

177 1780 391 1815 immitteret
415 1780 478 1826 qui
503 1785 608 1815 terrae
635 1785 754 1815 motus
777 1785 1091 1827 tempestatesque.
1140 1782 1287 1818 Ceteros

178 1837 375 1872 Consentes
393 1837 489 1872 Deos
510 1837 618 1883 hujus
634 1837 827 1872 concilium
849 1848 924 1872 esse
939 1837 1143 1879 voluerunt,
1161 1839 1224 1884 qui
1245 1844 1287 1874 ut

175 1893 250 1938 ipse
275 1893 313 1927 in
343 1893 431 1927 solio
459 1893 597 1938 sedens,
630 1905 811 1928 summum
842 1893 1014 1929 honorem
1044 1896 1174 1941 gentis,
1208 1896 1285 1931 sive

174 1960 251 1993 rex,
270 1949 345 1983 sive
367 1949 521 1984 dictator
543 1949 573 1984 is
598 1949 717 1994 fuerit,
743 1950 993 1994 adumbrabat,
1019 1951 1070 1987 sic
1091 1952 1145 1986 ilh·
1168 1964 1284 1999 popu-

173 2005 226 2040 los
242 2005 431 2040 duodecim
447 2006 492 2040 ad
509 2006 716 2042 Voltumnae
736 2006 862 2042 fanum
883 2012 1107 2052 convocatos,
1125 2009 1284 2056 imagine

302 2133 315 2158 t
334 2128 452 2155 Muller.
467 2129 565 2156 Etrun-
581 2129 639 2157 111.
656 2133 683 2161 ³,
695 2133 721 2157 6.
869 2132 882 2163 1
901 2130 964 2158 Liv.
978 2131 1047 2158 VH.
1060 2135 1086 2158 3.
