1358 2470
219 304 375 339 civitatis
402 303 609 339 columnam
638 307 823 338 exstruere
851 303 1015 346 velimus,
1044 302 1080 337 in
1107 313 1151 337 eo
1176 306 1230 337 est
1254 295 1348 337 eni?

220 360 382 402 tendum,
409 365 450 394 ut
482 371 592 405 quam
619 364 824 395 commenta
849 358 1088 394 recentiorum
1122 359 1229 393 rebus
1261 352 1350 393 illis

222 419 363 448 noctem
391 413 598 456 offuderint,
617 413 775 459 primum
797 413 1041 459 dispellamus.
1091 413 1185 447 Nam
1207 423 1288 458 quoe
1309 423 1332 447 a

221 470 415 515 majoribus
457 470 676 515 accepissent
710 469 898 515 paullatim
937 469 1070 516 posteri
1111 469 1330 514 depravare;

221 526 405 560 luxuriare
415 526 524 560 nimis
540 526 702 561 vividum
714 526 804 560 illud
815 532 1005 572 poetarum
1020 525 1207 572 ingenium
1220 539 1228 566 ;
1251 537 1331 561 suc-

220 583 355 617 cessere
377 583 547 622 historici,
573 583 636 628 qui
662 583 895 625 incredibilia,
922 582 1069 625 scilicet,
1094 583 1141 618 ad
1170 582 1332 617 veritatis

223 650 387 673 normam
409 640 626 683 resecabant,
651 639 687 673 in
713 639 840 674 ceteris
862 644 1050 685 poetarum
1072 638 1180 674 fidem
1205 639 1330 674 secuti.

224 696 344 730 Multa
368 701 452 730 sunt
474 695 587 741 igitur
614 708 679 741 per
702 696 836 742 figuras
854 707 1034 742 expressa,
1058 696 1173 730 multa
1191 707 1332 742 quoque

221 764 287 799 pro
311 752 430 798 gentis
458 752 578 786 indole
611 764 651 787 ac
679 753 750 787 situ
776 753 936 787 locorum
965 753 1191 796 adumbrata,
1219 764 1331 798 eaque

220 809 371 855 singulis
396 808 584 852 attributa,
613 820 694 854 quae
725 809 882 844 universi
909 814 1027 844 essent
1056 809 1194 855 populi,
1226 809 1331 844 cum*

214 865 278 900 -vel
312 866 416 899 urbes
449 865 622 907 conditas,
655 866 713 900 vel
744 866 900 900 colonias
936 865 1121 906 deductas,
1152 865 1211 900 vel
1242 865 1330 900 civi-

219 926 310 956 tates
338 921 546 955 immutatas
571 921 823 968 significarent.
875 923 967 962 Quae
994 927 1115 957 tamen
1138 922 1261 957 omnia
1284 923 1329 956 ad

226 978 323 1012 Deos
341 983 504 1012 auctores
521 978 645 1020 relata,
655 990 740 1013 mox
757 990 876 1013 errore
893 983 1067 1025 perpetuo
1078 979 1333 1014 consecrabant

221 1035 343 1074 Quid?
377 1034 406 1068 si
433 1034 650 1070 ferocissima
677 1046 765 1081 gens
796 1035 997 1070 humanum
1023 1039 1132 1081 atque
1156 1035 1329 1070 inermem

221 1091 395 1136 populum
412 1091 584 1130 obruerit,
598 1092 626 1126 si
643 1092 819 1138 linguam,
831 1092 1057 1138 religionem,
1076 1103 1196 1126 rerum
1213 1096 1331 1138 gesta·

221 1159 302 1182 rum
320 1148 530 1182 memoriam
548 1148 584 1182 in
608 1159 681 1182 uno
698 1148 800 1194 quasi
817 1148 961 1195 gurgite
985 1148 1180 1191 miscuerit,
1196 1153 1333 1194 quanta

219 1210 312 1239 esset
326 1204 511 1239 annalium
527 1205 698 1245 confusio,
713 1217 794 1250 quae
811 1205 1036 1250 perturbatio
1051 1209 1256 1250 temporum
1272 1204 1331 1239 fu-

219 1263 321 1296 tura!
372 1261 477 1301 Quod
501 1273 584 1295 cum
605 1261 643 1295 in
663 1261 799 1296 Graecis
827 1261 978 1295 urbibus
1001 1265 1037 1296 et
1059 1261 1096 1295 in
1119 1261 1222 1296 tanta
1237 1261 1331 1296 anti-

219 1318 367 1363 quitatis
387 1318 465 1352 luce
482 1317 662 1358 acciderit,
678 1322 756 1351 tum
773 1317 889 1352 multo
903 1317 1020 1363 magis
1035 1317 1072 1351 in
1091 1316 1250 1351 Etruscis
1267 1329 1330 1351 ex-

218 1374 436 1419 pectandum
462 1378 550 1415 erat,
577 1374 707 1419 quibus
732 1385 821 1408 rarae
849 1385 914 1419 per
940 1385 984 1408 ea
1008 1378 1174 1419 tempora
1202 1373 1330 1408 litterae

219 1434 348 1472 essent,
366 1429 473 1464 etiam
491 1430 570 1475 ipsa
585 1431 703 1476 gentis
719 1430 864 1465 annalia
882 1430 1024 1475 penitus
1039 1430 1250 1465 interierint.

267 1486 393 1530 Neque
419 1497 504 1520 vero
530 1497 573 1520 ea
597 1486 719 1521 omnia
745 1498 811 1532 pro
837 1486 933 1521 falsis
958 1486 1125 1521 habenda
1149 1491 1246 1529 sunt,
1267 1487 1328 1522 sed

220 1542 340 1588 potius
366 1542 440 1576 veri
463 1542 599 1587 aliquid
626 1555 670 1577 ex
698 1543 865 1578 omnibus
889 1543 1100 1578 eruendum.
1149 1543 1260 1578 Aliud
1279 1549 1332 1578 est

220 1598 405 1632 historiam
443 1599 608 1640 scribere,
641 1600 739 1634 aliud
771 1599 929 1634 historioe
961 1599 1070 1634 fldem
1102 1599 1328 1635 labefactare.

222 1655 442 1700 lpsiquoque
453 1660 568 1700 poetae
579 1656 615 1689 in
627 1655 681 1697 iis,
691 1667 771 1701 quae
783 1656 1038 1702 depinxerunt,
1046 1656 1209 1703 regulam
1216 1668 1330 1702 quan-

220 1711 304 1745 dam
328 1711 438 1745 secuti
461 1717 556 1751 sunt,
573 1723 638 1746 nec
660 1713 778 1746 minor
799 1712 910 1759 igitur
925 1713 1090 1759 Virgilio,
1105 1713 1152 1747 ob
1175 1713 1331 1759 exquisi-

219 1773 293 1801 tam
319 1767 570 1809 eruditionem,
587 1780 696 1813 quam
721 1769 882 1804 Homero
907 1774 1055 1815 propter
1079 1769 1330 1815 antiquitatem

219 1823 307 1857 fides
320 1829 374 1857 est
387 1823 590 1858 tribuenda.
619 1824 741 1864 Quid?
767 1826 795 1859 si
810 1826 955 1860 urbium
964 1826 1131 1873 origines,
1144 1825 1172 1860 si
1183 1829 1333 1860 eventus

219 1880 376 1925 singulos
403 1879 498 1914 haud
528 1879 611 1915 licet
636 1881 799 1916 accurate
823 1881 1015 1929 effingere3
1052 1888 1091 1917 at
1109 1882 1275 1917 instituta
1295 1887 1333 1917 et

220 1946 335 1970 mores
352 1936 539 1970 hominum
562 1936 656 1972 certe
674 1938 767 1979 licet,
791 1950 871 1983 quoe
888 1945 925 1973 et
942 1939 1102 1973 maxima
1116 1950 1198 1985 pars
1220 1938 1332 1973 histo·

221 1992 282 2026 τίω
299 1997 363 2033 ost,
383 1998 418 2026 et
437 1993 480 2027 ad
504 1993 737 2038 agnitionem,
753 1995 914 2030 omnium
933 1995 1187 2040 pulcherrima.
1233 1995 1331 2036 Quid

238 2114 245 2123 '
268 2111 312 2136 (Ἰ.
333 2111 412 2137 Nicb.
433 2111 512 2137 Boin.
531 2111 592 2138 His.
611 2113 672 2138 Vol.
692 2113 715 2138 Ι.
730 2122 757 2147 p.
773 2118 814 2139 Ἢ».
852 2115 929 2141 Clin.
947 2115 1022 2141 Fast.
1040 2114 1118 2142 Heu.
1135 2115 1198 2141 Vol.
1217 2114 1239 2140 Ι.
1254 2122 1278 2139 c.
1295 2114 1313 2139 i.
