1422 2476
723 231 774 271 13

150 418 464 473 Sandapssasque
483 417 581 471 piaS,
603 417 637 456 si
656 415 816 470 publiea
837 416 918 455 vita
936 414 1083 468 periclo

151 524 237 564 Stet
252 529 385 564 tamen
404 521 445 561 in
463 521 608 572 dubio;
636 520 823 574 quocirca
841 519 1059 560 Chairman
1077 524 1116 558 et
1134 530 1271 557 omnes

153 627 234 667 Vos
255 626 292 667 Ο
313 625 522 666 Railroadi
539 625 747 665 Directors
761 625 876 679 signa
894 629 1030 678 parate

153 729 353 777 Quaedam
372 734 464 768 nota
482 728 578 768 satis
596 728 716 767 rubro
735 727 935 780 viridique
953 726 1100 776 colore,

154 833 247 880 Quo
265 832 323 872 sic
342 832 572 886 impositum
590 831 757 885 sapienti
769 833 863 885 jure
881 831 1068 871 deodand

153 935 275 976 Cauti
293 935 439 984 vitetis,
456 934 663 987 sharaeque
681 935 734 974 ad
753 934 918 988 praemia
935 939 1125 988 surgant;

156 1039 245 1079 Nec
264 1038 396 1091 plures
414 1038 592 1078 medicus
608 1044 736 1077 teneat
750 1037 990 1090 Wakleyius
1006 1037 1195 1090 inquests.

212 1229 297 1269 Hie
314 1243 472 1282 quoque
484 1230 728 1284 jamdudum
746 1229 850 1270 ferro
867 1230 935 1269 via
953 1235 1056 1270 tecta
1073 1229 1211 1271 fuisset

158 1331 342 1389 Oxoniae,
356 1331 390 1372 si
408 1346 488 1372 non
501 1332 861 1373 Vice-Chancellor
877 1332 961 1386 ipse
978 1333 1144 1387 petition

159 1435 449 1488 Proetoresque
467 1435 586 1475 ambo
601 1435 797 1485 fecissent,
816 1442 934 1489 atque
952 1443 1131 1477 senatum

160 1539 321 1580 Acriter
336 1546 511 1580 orassent
527 1539 704 1580 oblatum
723 1540 918 1594 expellere
934 1540 1089 1582 billum.

160 1643 253 1692 Quo
271 1658 320 1684 ne
339 1643 524 1684 Londino
532 1644 703 1698 juvenes
720 1644 923 1685 incurrere
939 1651 1098 1698 possent
1111 1649 1144 1674 ¹²

161 1747 265 1788 Urbi
282 1748 500 1797 damnosae,
521 1749 747 1802 patriosque
764 1749 984 1802 expendere
1002 1764 1200 1802 nummos,

204 1933 232 1958 ¹²
255 1937 313 1969 See
340 1937 548 1969 examination
573 1937 607 1968 of
632 1937 686 1968 the
708 1937 978 1970 ViceChancellor
1001 1939 1104 1971 before
1122 1939 1176 1971 the
1199 1939 1307 1972 Hense
1329 1941 1366 1972 of

163 2013 271 2053 Luras,
285 2025 325 2046 on
346 2013 400 2046 the
414 2014 551 2046 occasion
565 2014 600 2046 of
609 2025 629 2046 a
641 2014 698 2046 bill
711 2015 804 2057 being
821 2015 954 2057 brought
966 2016 1099 2049 soz-ward
1117 2016 1165 2049 for
1181 2027 1223 2049 an
1242 2016 1362 2051 oxford

162 2091 224 2122 and
238 2091 351 2123 Didcot
366 2092 519 2133 Railway,
534 2097 566 2123 to
578 2092 643 2134 join
659 2092 712 2123 the
726 2093 823 2124 Great
838 2093 994 2126 Westem.
