1422 2476
682 168 706 207 5

93 310 296 351 Devenere
313 307 441 347 loeum
457 322 466 346 ε
496 307 578 346 sola
595 318 694 359 quos
712 305 795 359 ipse
815 304 888 345 sub
907 305 1045 344 umbra

91 395 262 447 Accipit,
282 396 321 433 et
333 393 484 432 moestis
502 393 605 433 ultro
624 392 678 431 sic
696 392 854 432 vocibus
873 391 976 430 infit.

92 485 118 505 “
132 482 274 521 Vestra
291 481 400 529 mihi,
420 479 618 533 (precibus
632 493 680 518 ne
698 479 751 518 sit
770 492 878 518 mora
896 475 1049 531 longa‚)
1068 477 1249 516 voluntas

14 590 21 598 v·
93 571 118 591 “
131 567 311 621 Cognita,
329 581 399 606 nec
417 580 600 618 superum
617 566 778 605 monitis
795 579 929 618 parere
946 578 1094 604 recuso.

93 659 120 679 ‘⁶
135 656 369 708 Quanquam
390 654 425 693 Ο
443 656 451 692 !
481 657 618 707 sponte
636 667 724 693 mea.
742 653 775 693 si
792 653 929 693 ducere
943 653 1026 691 fata
1039 652 1222 703 juberent

95 744 120 764 “
132 741 263 780 Hocce
282 741 372 790 aevi,
391 743 460 779 aut
472 739 613 780 nostris
632 740 851 791 potuissent
869 739 1001 778 cedere
1022 738 1138 787 votis,

95 830 121 849 “
136 826 222 864 Has
240 825 420 878 equidem
439 826 572 874 valles,
593 826 688 874 haec,
708 838 830 876 parvo
848 825 974 873 laetus,
994 823 1185 862 amassem

95 915 120 935 “
132 911 340 957 Flumina,·
369 911 423 950 sic
441 911 593 963 placida
613 914 818 950 contentus
836 924 931 962 pace
950 910 1157 964 quiessem.

97 1001 122 1021 “
134 997 208 1036 Dis
226 996 338 1036 aliter
355 997 498 1036 visum.
553 996 705 1036 Divfim
723 1010 800 1036 vox
818 997 916 1036 dura
929 1001 1128 1048 repostum

98 1090 123 1109 “
138 1083 541 1125 Excitat—aeternum
558 1083 709 1124 dilectae
729 1085 852 1124 vivite
876 1085 997 1134 silvae,

98 1176 124 1196 “
140 1172 193 1213 Et
210 1172 292 1211 sine
309 1172 379 1210 lite
398 1171 518 1224 quies,
538 1176 578 1210 et
595 1185 705 1224 purae
723 1172 873 1211 somnia.
888 1173 1031 1212 mentis
1045 1171 1080 1208 !''

100 1254 164 1294 Sic
181 1253 252 1303 ait,
273 1255 390 1305 atque
406 1233 536 1292 ocules
553 1256 656 1291 retro
676 1266 765 1292 cum
783 1267 877 1292 voce
894 1258 1074 1294 natantes

102 1340 246 1389 Vertit,
266 1344 306 1379 et
323 1344 481 1391 aspectu
499 1341 638 1380 lustrat
657 1354 729 1380 sua
747 1354 867 1395 regna.
884 1354 1078 1393 supremo.

102 1426 215 1466 Illinc
233 1427 416 1467 caeruleas
432 1427 621 1480 glomerat
640 1427 846 1467 Lucretilis
870 1442 987 1477 arces,

100 1513 280 1564 Saxaque
296 1514 468 1566 nigranti
486 1514 655 1565 pendent
674 1515 864 1555 undantia
882 1517 979 1567 pinu
996 1531 1006 1555 ε

104 1599 210 1639 Hinc
223 1600 323 1639 inter
339 1601 524 1639 tremulas
542 1600 629 1639 albo
645 1614 731 1640 casa
749 1601 897 1653 pariete
914 1603 1068 1643 frondes

103 1685 300 1736 Subridet,
320 1686 543 1739 dominique
561 1687 669 1726 labor
686 1688 909 1728 laetissimus
935 1691 1029 1730 olim

103 1773 308 1822 Hortalus,
329 1776 367 1812 et
386 1773 485 1812 clivo
504 1773 677 1824 pomaria
694 1788 815 1826 parva
833 1776 1028 1828 supino—

105 1857 315 1912 Ingemuit,
337 1859 594 1911 lacrymisque
608 1859 725 1911 pedes
744 1860 886 1900 avertit
904 1861 1060 1902 obortis.

157 2029 323 2084 Jamque
342 2032 416 2071 iter
434 2045 611 2072 emensus
629 2033 871 2073 fumantibus
889 2047 982 2074 arva
998 2035 1120 2075 ruinis

105 2115 227 2156 Vasta
244 2117 364 2166 videt,
383 2118 474 2157 belli
493 2119 612 2158 furias
630 2123 774 2159 testata.
791 2124 985 2167 recentes,-
