1358 2470
181 285 324 329 †Parte
351 286 424 322 alia
449 286 630 328 mulieres,
657 291 755 322 veste
780 287 899 332 scissa,
923 286 1081 323 crinibus
1102 288 1227 324 solutis
1250 289 1296 324 ad
1355 315 1358 317 Α

179 343 411 378 morientium
437 344 570 378 cubilia
598 343 725 379 flentes
751 349 966 390 orantesque
992 343 1198 386 intuemur;
1225 344 1298 380 alia
1356 382 1358 385 ,

179 411 245 446 per
262 405 381 435 vastos
406 401 569 435 foeditate
590 401 685 436 locos
705 401 836 436 exilem
858 401 1025 436 umbram
1049 412 1155 436 curru
1176 401 1297 437 invec-
1352 395 1358 440 ξ

179 461 267 498 tam,
295 468 402 502 quem
431 457 528 503 genii
556 457 786 502 comitantur,
814 458 875 492 alii
901 457 1063 500 benefici,
1090 458 1297 500 candentes,
1356 450 1358 454 ¹

180 514 267 548 alati
290 514 366 558 Dii,
392 514 453 548 alii
475 518 569 548 tetro
588 514 693 549 vultu
718 514 972 559 securibusque
993 513 1143 555 armati;
1172 514 1299 559 procul
1355 508 1358 562 ξ

181 570 290 604 Erebi
300 570 464 616 januam,
482 575 673 616 portasque
690 570 848 614 ferratas,
868 575 948 605 tum
970 570 1089 616 ipsum
1115 570 1297 614 Mantum,

173 627 336 672 judicem
359 627 594 668 Umbrarum,
618 627 655 661 in
678 627 766 662 solio
790 627 989 669 sedentem,
1015 627 1209 672 geniosque
1231 638 1298 673 pro
1356 647 1358 673 1

180 684 303 718 anima
321 684 574 729 deprecantes3
596 683 934 728 contraIManiam‚
946 683 1063 729 capite
1075 683 1208 727 velato,
1219 683 1298 728 pal-
1356 679 1358 682 ’

180 741 288 786 laque
306 741 352 775 ad
372 740 480 786 pedes
502 739 701 784 diffluente,
724 740 905 786 hospitem
927 740 1028 785 quasi
1045 740 1174 774 dextra
1189 739 1299 775 corri-

179 797 353 843 pientem.
402 798 453 831 At
471 797 588 843 qualis
610 797 673 831 illa
693 797 873 842 parietum
895 797 1084 832 caelatura!
1117 796 1181 842 qui
1201 796 1298 832 colo-

181 865 261 888 rum
278 854 467 899 splendor!
493 865 574 899 quae
590 853 718 888 frontis
734 854 922 900 majestas!
948 857 1084 899 quanta
1103 852 1298 888 affectuum

182 911 428 946 vehementia!
461 921 572 956 quam
606 910 651 944 nd
682 910 759 945 haec
789 909 913 944 omnia
943 909 1180 955 exprimenda
1207 909 1298 944 mire

181 967 368 1013 compositi
393 967 535 1002 vultus!
587 967 725 1001 Rursus
748 967 942 1002 barbarum
969 966 1153 1012 quoddam
1179 970 1216 1001 et
1241 966 1297 1000 in-

181 1025 295 1059 forme
315 1023 500 1069 sculpendi
521 1035 646 1068 genus,
663 1027 824 1058 monstra
839 1023 1024 1066 immania,
1042 1022 1167 1069 figurae
1185 1022 1296 1057 bifor-

181 1092 269 1125 mes,
297 1079 436 1125 alisque
460 1079 662 1114 convolutis
689 1079 896 1124 instructae3
937 1079 1031 1124 §Dii
1056 1090 1199 1124 quoque
1229 1078 1299 1124 ipsi

181 1137 289 1172 modo
312 1140 532 1182 serpentum,
559 1137 667 1171 modo
690 1136 968 1182 quadrupedum
993 1135 1128 1182 figuras
1148 1135 1216 1170 visi
1242 1135 1298 1170 in-

181 1194 304 1238 duere,
323 1193 433 1228 etiam
453 1193 624 1228 animalia
641 1193 737 1228 inter
752 1204 788 1228 se
811 1204 1025 1239 repugnare,
1044 1195 1081 1227 et
1095 1192 1197 1237 quasi
1218 1192 1299 1227 uni-

180 1261 283 1287 versa
302 1254 432 1285 natura
454 1261 537 1285 cum
558 1254 671 1284 semet
692 1250 770 1295 ipsa
791 1249 972 1284 reluctari.
1023 1249 1189 1284 Plurima
1211 1260 1298 1284 vero

181 1308 279 1354 apud
300 1306 513 1341 recentiores
533 1317 556 1340 a
572 1306 710 1342 Graeeis
730 1306 922 1352 desumpto.
942 1309 1067 1340 notare
1086 1305 1181 1349 licet,
1203 1305 1298 1340 Cen-

182 1369 304 1400 tauros
320 1362 571 1406 δενδροφοροὺς,
587 1363 783 1398 Herculem
797 1362 942 1397 leonina
958 1362 1051 1408 pelle
1063 1361 1296 1405 succinctum,

182 1421 409 1467 Satyrorum,
425 1419 630 1466 Dryadum,
645 1418 842 1453 Nereidum
865 1418 995 1453 formas
1011 1429 1115 1464 paene
1129 1418 1296 1453 innume-

180 1477 331 1522 rabiles;
367 1488 449 1522 quae
469 1476 499 1511 si
521 1487 592 1511 non
614 1479 779 1510 veterum
799 1486 980 1510 sacrorum
1007 1474 1297 1519 exstinctionem,

181 1539 220 1569 at
234 1538 329 1570 certe
345 1532 640 1579 depravationem
655 1532 829 1567 indicant.

228 1590 485 1626 Recolentibus
496 1589 732 1624 Etruscorum
742 1588 910 1634 reliquias
917 1588 1067 1634 quaestio
1074 1588 1297 1632 obversatur,

181 1658 349 1694 quaenam
359 1647 422 1682 illa
433 1658 516 1682 cum
527 1646 671 1682 Graecia
682 1644 906 1689 consociatio,
916 1656 997 1690 quae
1008 1644 1045 1679 in
1057 1645 1300 1679 monumentis

181 1704 393 1750 reperiatur.
433 1703 587 1738 Ferebat
602 1702 698 1737 fama
710 1703 948 1736 Demaratum
967 1701 1198 1736 Corinthium
1215 1713 1298 1736 cum

181 1760 394 1806 Tarquinios
404 1759 544 1795 veniret
557 1758 715 1794 Euchira
725 1763 762 1793 et
770 1759 1032 1805 Eugrammum
1043 1769 1164 1793 secum
1175 1758 1298 1793 tulisse

181 1818 332 1863 picturae
362 1816 496 1852 scilicet
522 1820 559 1851 et
584 1815 779 1861 sculpturae
802 1815 1018 1850 inventores.
1065 1814 1184 1849 Alicui
1213 1826 1299 1850 vero

181 1874 382 1909 accuratius
409 1884 484 1908 rem
510 1872 725 1918 inspicienti,
753 1876 894 1907 constat
920 1870 1160 1917 antiquiorem
1190 1871 1298 1907 fuisse

181 1931 267 1966 artis
291 1931 445 1965 formam
465 1934 502 1964 et
521 1941 543 1964 a
568 1929 699 1964 Graeca
721 1928 988 1973 alienissimam,
1005 1927 1104 1974 eujus
1125 1927 1235 1962 etiam
1259 1928 1296 1962 in

265 2062 275 2085 t
296 2056 395 2083 Micali
407 2056 476 2083 Tab.
489 2056 540 2082 lvi.
556 2063 630 2082 xxx.
646 2056 688 2082 lx.
911 2055 923 2086 1
947 2054 1044 2080 Mic-»li
1057 2054 1127 2080 Tab.
1141 2054 1216 2080 xxii.

581 2106 592 2137 §
613 2105 711 2131 Micali
724 2105 792 2130 Tab.
806 2104 905 2130 xcviii.
