1422 2476
756 204 806 244 10

191 335 392 375 Fictilibus
409 336 504 376 libat
522 337 676 387 pateris,
689 350 812 390 neque
831 338 960 378 cedere
972 352 1066 379 seroe

190 420 296 458 Ante
313 419 405 458 sinit
418 420 534 468 nocti,
552 421 665 472 pleno
683 433 798 474 quam
817 422 950 463 limina
967 430 1068 463 ooetu

189 502 329 542 Sancta
345 508 489 555 petant,
501 509 690 558 cantuque
708 505 809 546 diem
827 508 1001 559 votisque
1017 513 1208 550 coronent.

246 671 348 711 Sunt
365 677 404 711 et
423 672 593 713 ruricolis
610 687 680 713 sua.
694 675 876 714 numina:
904 690 991 716 vere
1008 677 1164 717 reducto

188 759 355 798 Annuus
372 757 531 797 herbosa
548 759 722 809 placatur
737 759 939 799 Terminus
957 774 1043 800 ara:

187 844 321 895 Atque
339 844 407 883 ubi
420 844 594 883 collectas
611 847 792 896 ceperunt
809 845 942 884 horrea
952 858 1103 894 messes,

188 928 354 979 Uvaque
372 929 572 979 purpureis
590 935 744 981 spumat
760 930 906 969 calcata
919 931 1090 981 racemis,

186 1012 356 1052 Laetitiae
371 1015 422 1061 te,
435 1012 598 1062 Bacche,
616 1019 736 1063 pater,
755 1017 795 1052 te
812 1028 935 1066 pagus
948 1014 1094 1064 adorat,

187 1098 306 1135 Alma.
323 1095 453 1145 Ceres,
467 1097 675 1149 patulaque
693 1098 830 1149 dapem
848 1112 1005 1149 posuere
1022 1100 1094 1138 sub
1111 1100 1229 1139 ulmo.

186 1181 331 1220 Pocula
355 1181 447 1220 dant
466 1181 636 1221 animos:
665 1183 782 1235 gestit
796 1183 937 1222 vincire
953 1185 1100 1224 solutas

190 1266 299 1306 Flore
328 1280 467 1317 comas,
487 1270 702 1318 terramque
719 1268 854 1307 chorus
872 1267 967 1319 pede
985 1273 1139 1321 quassat
1159 1270 1287 1309 ovanti
1302 1285 1313 1315 ,-

191 1352 302 1391 Luna
320 1366 433 1405 super
449 1365 618 1392 summas
633 1353 750 1392 donec
764 1366 803 1391 se
822 1353 965 1404 pallida
983 1354 1132 1394 frondes

190 1437 341 1490 Erigat,
359 1441 397 1476 et
415 1437 539 1489 longis
558 1437 762 1478 densentur
780 1438 939 1478 collibus
954 1439 1114 1479 umbrae.

243 1610 466 1655 Quinetiam
480 1611 502 1631 ³*
517 1609 634 1662 gelidi
653 1610 817 1648 claustra
831 1610 932 1647 ultra
948 1609 1090 1660 pallida
1100 1609 1208 1658 lethi,

190 1695 243 1733 Et
262 1695 476 1734 formidatae
495 1695 664 1746 spatium
681 1694 915 1734 irremeabile
935 1694 1071 1741 noctis,

189 1783 304 1819 Nunc
323 1783 416 1821 alias
429 1795 536 1820 mens
553 1795 657 1834 aegra
673 1781 819 1828 domos,
842 1780 992 1831 placida
1009 1793 1100 1818 arva
1117 1780 1294 1819 silentum

190 1866 393 1917 prospicit,
413 1869 452 1904 et
467 1879 556 1905 cura
574 1869 696 1905 coetus
714 1867 896 1918 luctuque
914 1868 1105 1905 vacantes.

190 1954 250 1991 Ac
271 1952 343 1990 sibi
361 1955 498 2002 ruptus
517 1964 624 1990 amor
640 1951 742 1990 tristi
756 1951 891 1990 solatia
907 1950 1020 1989 finxit

231 2084 248 2099 ⁴*
270 2084 289 2099 ‘⁴
302 2083 369 2113 Nec
383 2082 518 2114 coelestes
532 2082 619 2113 modo
633 2081 829 2121 caerimonias,
843 2081 894 2112 sed
916 2081 999 2121 justa
1013 2090 1129 2120 quoque
1148 2079 1285 2111 funebria
1309 2079 1368 2120 pla-

187 2143 355 2182 candosque
372 2143 482 2174 Manes
498 2147 533 2173 ut
546 2142 625 2174 idem
638 2141 779 2173 Pontifex
796 2139 1070 2173 edoceret.”—-Liv.
1087 2140 1107 2171 i.
1123 2138 1172 2172 21.
