1358 2470
63 345 327 392 respiciebant3
362 355 451 380 mox
471 345 541 391 ipsi
564 345 594 380 si
614 345 653 379 in
674 344 846 380 obeundo
868 343 988 379 officio
1005 344 1150 378 fortiter
1165 355 1203 378 se

64 403 269 450 gessissent,
293 403 329 437 in
357 403 513 437 alterum
540 403 746 438 divinitatis
774 403 931 450 gradum
958 402 1060 444 elati,
1091 402 1204 437 Genii

28 478 40 487 ·
64 461 177 497 creati
201 465 300 496 sunt.
352 461 415 496 Sic
436 461 606 496 universa
625 461 791 496 Deorum
813 460 1014 495 multitudo
1031 465 1068 495 et
1090 460 1202 496 celes-

64 519 158 554 tium
193 523 232 553 et
261 517 462 554 inferorum
495 518 670 565 gradibus
701 518 798 553 inter
830 530 868 553 se
902 530 1082 560 connexa,
1120 529 1203 554 om-

64 576 241 623 niumque
260 576 504 611 animantium
522 581 664 611 naturae
686 576 794 622 paene
817 576 962 611 infinita
979 577 1070 611 serie
1087 576 1205 612 eonti-

66 640 202 670 nuatae.

112 693 312 728 Veniamus
337 692 383 727 ad
410 692 621 738 aruspicum
649 692 895 738 disciplinam,
923 703 1048 738 quam,
1073 703 1157 726 cum
1185 703 1207 726 a

67 751 244 786 Romanis
267 762 314 785 ex
345 750 497 785 Etruria
526 750 694 785 adhibita
715 750 774 794 sit,
803 762 849 785 ex
875 750 1023 785 illorum
1048 761 1117 783 usu
1139 759 1206 795 po·-

5 800 17 826 1
66 808 140 844 tius
165 819 279 855 quam
302 820 322 843 e
346 808 449 843 libris
475 808 638 843 Etruscis
662 808 881 854 explicanda
906 812 972 843 est.
1024 807 1111 842 Jam
1138 808 1207 842 sub

66 866 264 913 Tarquinio
289 877 388 913 rege,
414 871 508 901 teste
536 865 653 910 Livio,
680 866 881 913 auguribus
908 865 1111 901 sacerdotio
1134 877 1208 911 que

66 935 250 972 augurum
271 924 304 959 is
324 924 440 959 honos
455 924 617 968 accessit,
640 929 684 959 ut
706 924 797 958 nihil
820 924 910 959 belli
935 923 1110 970 domique
1137 923 1207 958 nisi
1239 919 1242 922 ’

66 981 254 1029 auspicato
285 986 484 1029 gereretur.
537 981 713 1017 Decrevit
737 987 866 1028 postea
896 986 1056 1026 senatus,
1089 986 1134 1016 ut
1160 982 1207 1016 de

66 1041 276 1088 principum
291 1039 389 1084 filiis,
407 1051 471 1074 sex
489 1039 643 1086 singulis
660 1040 819 1075 Etruriae
842 1040 990 1087 populis
1015 1040 1204 1074 traderen-

67 1103 129 1134 tur
159 1098 199 1132 in
226 1097 471 1144 disciplinam.
524 1098 618 1137 Quae
640 1098 791 1144 quidem
818 1098 1013 1144 disciplina
1039 1097 1078 1132 in
1103 1102 1208 1133 exto-

68 1168 151 1192 rum
173 1155 392 1203 cognitione,
413 1155 451 1190 in
471 1155 663 1202 fulgurum
683 1157 953 1201 procuratione,
975 1155 1014 1189 in
1035 1155 1209 1190 monstris

67 1213 319 1261 portentisque
341 1213 571 1259 explicandis
594 1213 756 1249 maxime
789 1214 1014 1249 versabatur.
1064 1213 1209 1260 Optimi

71 1271 221 1319 auguris
247 1276 338 1310 erat.
364 1271 490 1305 avium
518 1271 691 1316 strepitus
718 1272 936 1317 volatusque
963 1271 1207 1317 interpretari,

0 1359 3 1367 .,
67 1341 134 1366 cur
154 1329 235 1364 aliis
258 1340 280 1364 a
300 1329 444 1372 dextra,
466 1329 547 1364 aliis
563 1340 586 1363 a
606 1329 702 1364 laeva
723 1335 847 1364 ratum
867 1333 961 1364 esset
977 1329 1206 1376 auspicium;

0 1386 3 1414 ἒ
69 1388 160 1435 quid
181 1387 327 1434 quaque
352 1387 436 1422 coeli
465 1391 570 1433 parte
595 1392 739 1422 ostenta
763 1399 919 1434 quaeque
943 1387 1205 1434 significarent.

2 1496 3 1499 Ἴ
70 1445 216 1482 Coelum
232 1449 356 1480 autem
373 1444 411 1479 in
437 1445 542 1480 XVI.
559 1449 683 1491 partes
703 1445 908 1480 diviserunt
925 1445 1070 1480 Etrusci
1084 1457 1093 1481 ε
1131 1450 1208 1480 tam

71 1503 265 1549 multiplex
295 1507 333 1537 et
358 1502 464 1549 paene
493 1502 638 1537 infinita
664 1502 734 1537 fuit
761 1503 880 1537 omnis
907 1503 972 1538 illa
998 1503 1207 1538 divinarum

70 1573 193 1596 rerum
220 1560 381 1596 scientia.
433 1561 527 1600 Quae
556 1561 692 1606 partim
721 1561 759 1594 in
788 1561 974 1606 opinione,
999 1561 1138 1607 partim
1170 1561 1209 1595 in

71 1618 324 1654 observatione
340 1618 516 1652 diuturna
532 1618 662 1664 posita,
680 1623 724 1653 ut
741 1619 860 1653 omnis
877 1619 953 1653 fere
969 1619 1209 1655 Etruscorum

1 1672 5 1685 ³
72 1676 224 1723 relligio,
243 1676 373 1711 rudem
389 1676 491 1711 illam
509 1682 546 1711 et
561 1682 744 1723 agrestem
760 1676 941 1723 originem
961 1677 1106 1711 summa
1121 1677 1210 1712 doc-

71 1734 177 1770 trinae
209 1734 479 1780 verborumque
511 1734 713 1769 subtilitate
745 1735 890 1770 celavit.
945 1735 1210 1781 Reputandum

72 1796 163 1839 quot
189 1792 262 1827 Dei
285 1792 422 1838 figuras
450 1797 488 1827 et
513 1792 771 1828 similitudines
798 1792 909 1839 longo
938 1797 1105 1839 tempore
1138 1793 1210 1828 sol-

72 1849 177 1885 lertia
200 1850 429 1885 sacerdotum
453 1855 547 1885 esset
571 1850 778 1892 inventura,
807 1861 890 1896 quae
915 1850 1052 1885 divinae
1076 1851 1212 1885 mentis

6 1917 7 1921 ¹
72 1907 228 1953 indicia3
265 1919 347 1953 quae
374 1908 494 1954 primo
521 1908 670 1954 quidem
698 1920 760 1943 ore
785 1909 932 1948 tradita,
955 1909 1149 1955 paullatim
1171 1909 1210 1943 in

73 1965 351 2000 commentarios
378 1965 506 2008 relata,
530 1966 727 2012 quotannis
753 1978 908 2002 numero
931 1971 968 2001 et
994 1966 1211 2002 difficultate

0 2016 10 2034 ²
74 2023 292 2058 crescebant.
343 2023 422 2058 Nec
435 2023 556 2058 minor
572 2024 610 2058 in
628 2024 836 2069 exstispicio
854 2036 942 2059 cura
956 2024 1038 2066 fuit,
1055 2036 1139 2070 quae
1164 2035 1210 2058 ex

3 2102 10 2112 ι
74 2080 328 2116 sacrificiorum
346 2081 475 2116 ritibus
485 2086 565 2116 orta
580 2081 800 2127 quibusdam
813 2086 936 2116 tamen
949 2081 1058 2116 inniti
1066 2080 1213 2116 videtur

74 2137 311 2185 physiologiae
338 2139 532 2174 radicibus.
583 2138 789 2173 Verisimile
805 2142 869 2174 'est
890 2144 932 2174 ut
958 2140 1210 2174 Romanorum

75 2206 231 2244 augures
247 2197 533 2242 sacerdotesque,
551 2196 601 2232 sic
624 2197 861 2232 Etruscorum
881 2197 1064 2243 aruspices
1080 2197 1116 2231 in
1136 2197 1212 2232 col-
