1358 2470
38 304 137 340 enim
171 301 476 350 magnificentius,
514 312 625 347 quam
666 301 838 336 informes
870 312 994 336 rerum
1026 301 1176 336 umbras

38 373 152 408 prope
169 361 215 397 ab
228 359 410 396 infinitate
427 363 613 406 repetere3
639 359 834 405 paullatim
848 359 968 394 acrius
983 358 1175 401 intuendo,

33 419 158 466 ⁴magis
174 418 364 466 magisque
383 417 655 462 discriminare3
682 428 766 463 quae
782 416 897 452 dubia
914 416 1073 461 firmare,
1092 428 1175 462 quae

36 488 162 523 sparsa
186 476 371 523 colligere,
388 485 471 522 quae
493 474 707 521 imperfecta
726 474 910 520 supplere,
936 475 1027 509 dum
1050 474 1176 510 omnia

36 535 106 570 rite
133 534 221 570 loeis
247 534 321 570 suis
350 533 496 569 reddita
520 532 675 568 solidam
708 537 746 568 et
776 543 986 579 expressam
1016 532 1175 568 civitatis

38 591 199 639 effigiem
214 596 301 627 ante
315 591 439 627 oculos
454 595 676 637 proponant.

88 650 140 685 Et
153 661 237 686 cum
252 649 412 697 origines
427 649 669 695 proximaque
685 647 901 695 originibus,
913 647 1175 683 recentioribus

36 707 108 743 illis
134 712 313 754 tanquam
336 718 356 743 e
378 707 581 754 longinquo
602 706 725 742 lucem
745 707 911 750 afferant,
934 706 1054 753 prima
1070 705 1175 741 nobis

35 765 107 801 erit
126 765 376 812 investigatio,
390 765 491 799 unde
507 768 587 799 orta
606 764 654 799 sit
674 776 764 811 gens
783 764 952 806 Etrusca,
967 775 1081 810 quam
1106 764 1173 798 ha-

36 823 160 859 buerit
173 834 259 859 cum
278 822 407 858 vicinis
422 822 692 869 cognationem.
742 821 878 858 Gravis
899 821 987 857 sane
1005 821 1173 868 quaestio,

34 892 119 927 quae
135 892 202 917 nec
217 880 369 916 omnino
385 880 599 923 omittenda,
617 891 684 915 nec
697 879 807 915 altius
828 879 1091 926 perscrutanda
1106 884 1173 914 est.

37 939 92 974 Ut
102 939 204 974 enim
219 937 363 986 physici
373 943 426 973 est
443 949 499 972 res
515 937 634 984 magis
650 938 758 984 ipsas,
773 949 886 983 quam
895 937 1033 984 primas
1050 949 1174 972 rerum

34 1007 161 1032 causas
174 996 377 1041 ostendere,
391 995 442 1031 sic
458 995 672 1031 historicum
687 1007 762 1031 non
778 996 938 1043 origines
953 996 1174 1042 rerumpub-

33 1054 189 1089 licarum
200 1054 395 1100 explicare,
412 1065 542 1089 verum
552 1053 671 1099 prisce
681 1053 761 1100 jam
778 1053 1174 1100 obscuritateevolutas

33 1112 203 1158 excipere
215 1111 320 1147 decet
329 1123 340 1153 ;
358 1111 595 1146 maturiorem
604 1122 738 1157 nempe
745 1112 865 1159 gentis
874 1117 1035 1155 aetatem,
1046 1111 1174 1158 legum

33 1174 72 1205 et
97 1180 244 1204 morum
269 1169 502 1213 mutationes,
528 1180 746 1216 magnorum
768 1170 931 1204 virorum
955 1169 1115 1216 ingenia,
1137 1174 1175 1205 et

33 1227 138 1273 quasi
155 1226 283 1262 adulta
298 1226 456 1262 civitatis
472 1226 602 1261 robora
618 1227 875 1274 contemplari.

81 1284 107 1319 J
109 1296 169 1320 am
180 1284 352 1320 Etruscos
368 1295 388 1319 e
401 1284 520 1331 Lydia
533 1284 692 1319 derivari
703 1285 873 1320 universa
889 1296 1003 1332 prope
1014 1285 1174 1331 antiqui-

34 1342 121 1378 tatis
136 1341 337 1386 consensio,
354 1341 440 1377 inde
459 1353 574 1388 usque
590 1341 638 1377 ab
657 1341 840 1377 Herodoti
851 1342 1081 1389 temporibus
1098 1347 1171 1378 tes-

34 1399 197 1435 timoniis
213 1399 300 1434 satis
315 1399 449 1446 amplis
464 1399 669 1435 confirmat.
701 1399 776 1440 Qui
792 1400 943 1446 quidem
959 1412 982 1436 a
995 1401 1174 1436 Romanis

36 1458 191 1500 Etrusci,
203 1469 226 1492 a
243 1457 383 1493 Graeeis
395 1457 560 1504 Tyrseni,
572 1469 595 1492 a
611 1469 648 1492 se
663 1457 751 1504 ipsis
763 1469 849 1493 vero
860 1458 1034 1494 Rasenna
1043 1458 1172 1505 appel-

33 1515 112 1559 lati,
129 1520 195 1551 aut
207 1511 405 1562 'Pelasgica
430 1526 521 1562 gens
539 1514 654 1559 fuere,
675 1519 739 1550 aut
764 1515 860 1551 certe
882 1527 967 1551 cum
992 1516 1170 1564 Pelasgis,

33 1573 98 1620 qui
115 1578 193 1608 tum
215 1584 258 1608 ea
281 1573 460 1608 tenebant
478 1573 570 1618 loca,
591 1574 849 1620 cognationem
874 1573 1037 1620 aliquam
1056 1574 1171 1609 habe-

32 1631 136 1666 bant.
188 1630 325 1665 *Vetus
341 1629 441 1665 fama
455 1630 596 1666 ferebat
617 1631 777 1666 advenas
794 1631 974 1678 quosdam
998 1632 1044 1666 ad
1061 1633 1172 1667 meri-

32 1688 217 1724 dionalem
242 1687 402 1723 Etruriae
424 1688 604 1735 angulum
629 1689 828 1735 appulisse,
858 1689 991 1725 exinde
1022 1690 1174 1725 Umbris

31 1745 194 1792 expulsis
221 1746 415 1792 occupasse
441 1746 594 1782 urbibus
624 1747 807 1782 duodenis
838 1751 966 1790 terras,
991 1747 1094 1794 prius
1121 1748 1173 1783 cis

32 1803 272 1850 Apenninum
295 1803 341 1838 ad
358 1803 517 1839 inferum
533 1815 647 1847 mare,
664 1809 793 1850 postea
814 1809 916 1839 trans
931 1805 1171 1851 Apenninum

33 1860 200 1903 totidem,
232 1866 324 1907 quot
355 1861 476 1907 capita
507 1862 659 1910 originis
689 1867 822 1907 essent,
856 1863 1008 1898 coloniis
1038 1863 1171 1907 missis,

32 1929 166 1954 novam
187 1918 468 1954 multitudinem
487 1931 602 1966 usque
625 1920 672 1955 ad
689 1920 802 1967 Alpes
820 1923 1068 1967 promanasse.
1119 1921 1172 1956 At

31 1980 124 2011 teste
147 1975 340 2023 Dionysio,
362 1976 486 2023 Lydos
514 1978 616 2013 nulla
639 1989 804 2024 unquam
831 1979 1022 2013 navalium
1047 1990 1172 2014 rerum

27 2033 146 2080 gloria
155 2033 386 2081 insignibat3
410 2039 449 2070 at
464 2034 577 2070 iidem
594 2035 736 2082 lingua,
749 2036 911 2071 moribus
928 2040 966 2072 et
981 2035 1171 2081 institutis,

478 2158 492 2172 ”
514 2157 577 2183 Liv.
595 2157 631 2185 V.
642 2160 685 2183 38.
