1358 2470
28 324 161 363 hastos.
196 326 304 368 -Quae
330 332 454 362 tamen
479 325 676 373 relligionis
699 324 796 359 unde
824 328 904 359 orta
926 323 1167 359 vicissitudo?

27 381 146 418 silent
168 382 328 424 annales,
351 381 530 417 omittunt
554 391 678 416 omnes
704 380 802 421 libri,
824 390 909 414 cum
931 379 969 414 in
996 379 1066 414 hac
1090 385 1167 415 tam

22 433 165 476 ⁴incerta
181 451 302 475 rerum
327 439 436 483 fama,
456 439 548 473 nihil
570 438 644 473 fere
665 437 797 472 certius
813 437 872 482 sit,
896 448 1009 483 quam
1025 436 1167 472 cultum

10 508 13 512 ·
27 504 143 533 'mores
160 502 198 533 et
209 497 378 532 instituta
394 496 553 532 civitatis
569 496 749 531 universae
772 495 919 542 penitus
936 495 984 530 ab
1002 494 1167 530 Etruscis

25 555 134 591 fuisse
151 557 317 590 mutata?
354 555 379 590 J
381 554 506 589 amdiu
523 553 656 589 veteris
671 553 857 600 religionis
872 552 1030 588 fautores
1047 553 1166 599 impe-

26 613 80 648 rio
93 613 333 648 Etruscorum
349 611 535 653 restitisse,
553 611 613 646 vel
626 623 672 646 ex
690 610 783 646 Attii
802 611 836 645 N
839 610 925 645 aevii
937 609 1064 645 fabula
1081 621 1167 645 con-

26 675 109 716 stat,
128 670 192 717 qui
208 670 247 704 in
264 681 388 717 regem
409 669 650 716 Tarquinium
670 669 848 712 invectus,
868 679 952 703 cum
970 679 1167 702 numerum

7 775 9 777 Ι
27 733 172 765 tantum
183 729 347 763 tribuum
359 727 580 763 inviolatum
589 730 790 773 praestaret,
804 727 922 772 ipsam
931 725 1006 760 litis
1019 737 1167 761 causam

12 784 64 833 'sin
82 786 205 821 medio
220 785 381 832 reliquit.
425 785 531 820 Idem
548 784 622 820 fere
639 796 685 819 ex
704 784 861 819 Etrusco
877 783 973 818 bello
990 783 1167 831 colligen-

3 833 10 863 s
26 845 115 880 dum
133 844 231 890 quod
245 855 267 878 a
283 843 482 889 Tarquinio
500 842 625 878 Prisco
642 846 787 889 gestum
806 841 1007 887 Dionysius
1024 852 1166 876 memo-

26 902 140 942 ravit;
175 902 239 947 qui
267 905 391 936 tamen
419 899 631 947 imperfecte
663 904 701 935 et
733 898 881 934 confuse
916 903 1062 934 tantum
1089 911 1165 934 rem

26 964 184 1002 enarrat,
202 970 288 995 cum
304 959 480 994 victorem
503 957 744 1004 Tarquinium
766 957 814 991 ad
841 957 1029 992 Romanos
1051 962 1167 992 trans-

0 1027 3 1031 ·
26 1017 119 1053 serre
135 1017 236 1052 velit.
286 1017 381 1050 Tum
397 1016 559 1062 primum
576 1015 748 1050 ludorum
768 1015 1008 1050 Etruscorum
1026 1015 1167 1050 mentio

0 1096 8 1104 κ
26 1074 134 1119 facta,
160 1074 354 1109 histriones
375 1073 482 1109 acciti
501 1086 510 1114 ;
541 1073 766 1119 Capitolium
786 1076 1026 1113 exstructum,
1043 1073 1168 1108 cloaca

26 1132 192 1167 maxima
207 1135 396 1175 excavata,
417 1142 528 1177 opera
544 1131 582 1164 in
605 1131 674 1166 hac
691 1133 797 1165 tanta
813 1131 1004 1165 ruinarum
1021 1131 1166 1177 magni-

25 1189 174 1225 ficentia
186 1190 338 1236 posteris
355 1188 588 1223 admirabilia
602 1187 738 1224 futura.
785 1189 858 1224 Sed
876 1200 960 1223 cum
971 1189 1008 1222 in
1026 1189 1169 1224 artibus

27 1252 64 1283 et
84 1246 248 1283 aedifieiis
269 1247 444 1293 pleraque
473 1246 712 1281 Etruscorum
735 1246 892 1293 vestigia
919 1246 1164 1292 reperiantur,

0 1332 3 1343 ἱ
27 1308 107 1340 tum
129 1304 247 1339 multo
266 1304 407 1351 majora
429 1304 468 1338 in
493 1304 658 1339 Deorum
678 1304 781 1339 cultu
801 1311 837 1339 et
855 1303 1003 1339 civitate
1020 1304 1168 1339 institu-

27 1363 136 1398 enda.
187 1362 297 1397 Unde
325 1362 423 1397 enim
446 1361 617 1397 funerum
636 1373 716 1397 mos
738 1366 805 1396 aut
827 1373 849 1397 a
872 1362 1005 1408 quibus
1027 1362 1166 1408 magis-

1 1412 6 1466 ᾗ
27 1425 190 1456 tratuum
212 1420 396 1466 insignia?
431 1419 530 1454 unde
550 1419 694 1465 relligio
712 1424 777 1454 aut
799 1431 843 1455 ea
868 1431 952 1465 quae
980 1419 1023 1454 ad
1053 1420 1164 1454 Lares

0 1500 3 1502 <
28 1478 199 1525 pertinet,
231 1482 296 1512 aut
321 1489 403 1523 quae
426 1477 464 1511 in
487 1477 735 1523 Haruspicum
759 1477 954 1523 disciplina
976 1479 1165 1512 versatur?

29 1536 126 1571 unde
142 1535 276 1582 triplex
292 1535 355 1569 illa
370 1534 542 1570 ordinum
560 1535 664 1575 ratio,
684 1534 753 1569 nisi
769 1535 816 1569 ab
829 1534 885 1569 his
905 1534 980 1580 qui,
998 1546 1083 1570 cum
1100 1547 1166 1570 an-

0 1608 3 1612 ’
29 1594 231 1640 tiquissima
252 1593 401 1628 orientis
425 1592 594 1627 instituta
613 1591 755 1639 integre
779 1595 997 1633 servassent,
1017 1593 1065 1627 ad
1091 1593 1167 1628 Ro-

29 1662 156 1686 manos
171 1651 381 1696 incorrupta
399 1650 690 1685 transtulerunt?
727 1649 826 1684 Hinc
845 1661 1041 1684 numerum
1061 1650 1166 1686 licto—

0 1731 3 1735 »
31 1720 124 1750 rum,
147 1709 232 1744 hinc
253 1709 376 1744 sellam
398 1708 576 1749 curulem,
598 1713 797 1755 togamque
819 1712 1038 1754 praetextam
1061 1708 1166 1744 Livio

0 1779 3 1782 ·
31 1777 173 1814 quoque
197 1767 280 1802 duci
302 1767 434 1812 placet.
485 1766 585 1801 Hinc
607 1766 718 1801 etiam
735 1765 800 1800 illa
816 1765 1050 1811 optimatium
1068 1777 1167 1801 acer—

0 1827 2 1830 ’
31 1823 135 1870 bitus,
153 1829 190 1860 et
206 1824 348 1871 relligio
365 1824 411 1859 ad
430 1823 575 1870 plebem
594 1824 831 1859 coercendam
849 1829 1044 1869 usurpata:
1081 1823 1166 1858 Ser-

32 1881 133 1916 vium
149 1887 274 1917 autem
297 1881 472 1924 Tullium,
493 1893 604 1927 quem
626 1881 828 1916 secundum
845 1893 866 1915 a
884 1881 1044 1916 Romulo
1063 1882 1166 1927 plebs

0 1939 257 1994 [3eonditorem
284 1939 433 1984 ferebat,
462 1951 482 1974 e
515 1939 667 1984 Latinis,
695 1939 795 1974 unde
821 1939 924 1985 plebs
950 1940 1029 1986 ipsa
1058 1945 1163 1984 esset,

0 1990 8 2038 Ξ
33 1995 186 2032 derivari
204 1997 343 2044 liquido
359 2002 472 2043 patet
512 1997 608 2032 Satis
625 1997 774 2042 quidem
791 2002 932 2032 constat
948 1997 1165 2043 popularem

0 2044 188 2097 {civitatis
210 2060 347 2090 statum
366 2066 388 2089 a
403 2054 531 2090 Servio
548 2054 788 2090 informatum
810 2054 856 2089 ab
874 2055 1038 2090 Etruscis
1057 2056 1164 2090 abro-

0 2108 15 2153 Ξ
0 2115 158 2170 gutum
182 2112 312 2154 fuisse3
349 2124 431 2158 quae
453 2124 539 2147 vero
561 2112 757 2147 seditiones
784 2111 822 2146 in
853 2113 942 2147 urbe
969 2112 1165 2156 saevierint,

0 2182 17 2222 Ξ
0 2174 169 2215 quanta
191 2169 326 2206 suerint
348 2175 412 2205 aut
435 2170 671 2216 patriciorum
690 2181 775 2205 cum
793 2168 912 2215 plebe,
930 2175 994 2205 aut
1014 2170 1164 2206 Latino-

1285 106 1341 118 ,νζ-ν
1351 104 1355 107 ’
