1358 2470
58 265 220 310 habitus,
243 265 374 302 eadem
395 264 615 301 vestimenta
640 275 722 310 quae
749 262 789 298 in
811 263 953 309 Canopi
977 273 1197 297 monumen-

60 324 108 360 tis
132 324 376 371 reperiuntur.
427 322 580 359 Accedit
611 333 655 357 eo
686 322 788 368 quod
822 321 861 356 in
884 320 1028 356 duobus
1053 320 1200 367 populis

60 392 172 428 penes
187 393 322 428 paucos
334 380 492 417 civitatis
506 384 600 415 esset
616 378 898 422 administratio,
911 378 1083 424 idemque
1096 377 1198 420 ordo,

59 438 124 485 qui
155 439 292 486 populo
321 441 506 485 praeesset,
535 437 738 473 sacerdotio
772 436 936 483 quodam
969 436 1196 483 fungeretur.

59 495 134 532 Sed
151 500 194 531 ut
208 496 273 532 illa
290 496 479 543 superiora
496 494 683 530 maritimo
700 494 942 530 Etruscorum
958 492 1114 539 imperio
1128 493 1196 528 tri-

58 554 205 591 buenda
226 561 323 597 sunt,
338 554 414 600 qui,
437 565 521 591 cum
538 556 758 588 mercatores
781 558 909 596 essent,
933 556 1030 586 artes
1050 550 1199 586 Graeeas

58 616 170 658 atque
193 611 432 660 Egyptiacas
456 611 577 658 primo
593 610 782 653 inferrent,
800 614 885 655 post
901 609 1013 644 etiam
1030 609 1100 655 ipsi
1114 608 1198 643 imi-

58 673 245 716 tarentur3
271 669 322 705 sic
335 669 414 705 haec
429 669 643 716 posteriora,
661 679 735 703 non
752 667 862 702 unius
877 667 1007 713 populi
1024 671 1089 702 aut
1103 670 1199 701 tem·
1260 695 1265 698 μ

59 727 158 774 poris
183 726 298 772 fuere,
326 727 391 762 sed
419 726 585 762 omnium
613 729 766 761 aetatum
793 730 830 760 et
853 724 1004 760 orientis
1026 724 1200 759 universi.

61 784 191 830 Neque
208 796 295 820 vero
313 795 367 830 ea,
386 796 468 830 quae
487 783 533 819 de
551 783 717 831 AEgypto
734 783 919 825 dicuntur,
936 787 1002 817 aut
1018 782 1200 817 affirmare

60 847 125 877 aut
137 841 302 877 refellere
311 842 351 877 in
366 841 490 877 animo
503 845 578 876 est:
603 841 727 887 potius
737 840 862 876 omnia
871 840 1066 886 complecti
1077 840 1202 884 velim,

60 911 171 946 quam
188 899 226 934 in
243 899 318 934 unzi
333 899 495 946 qufidam
513 904 618 946 parte
639 898 881 941 defendenda,
899 898 1077 933 minutias
1090 898 1200 933 nimis

61 957 248 993 subtiliter
264 956 429 1003 exsequi.

109 1015 254 1051 *Tertia
270 1019 384 1050 restat
399 1014 524 1060 opinio
539 1025 679 1057 eorum,
696 1013 950 1060 quiTyrsenos
967 1014 1014 1049 ab
1028 1014 1200 1050 Etrusco-

61 1084 145 1109 rum
175 1073 324 1108 nomine
353 1075 538 1118 separatos
563 1083 648 1107 cum
682 1071 850 1118 Pelasgis
883 1071 1018 1107 arctius
1047 1072 1198 1108 sociant.

64 1131 303 1166 Etruscorum
330 1134 455 1165 tamen
484 1133 655 1176 parentes
683 1129 834 1164 Rhaetos
862 1140 939 1164 esse
968 1129 1100 1165 volunt
1126 1130 1202 1176 qui,

63 1199 148 1224 cum
174 1199 221 1223 ex
243 1187 402 1234 Alpibus
418 1187 566 1223 demissi
585 1187 735 1234 inopem
755 1191 793 1222 et
809 1187 995 1233 jacentem
1020 1188 1201 1234 populum

63 1246 280 1289 obruissent,
296 1245 464 1292 linguam
490 1256 610 1280 mores
630 1250 669 1280 et
689 1244 859 1279 instituta
879 1245 1035 1280 victores
1058 1257 1079 1280 a
1095 1245 1202 1281 victis

63 1303 280 1349 acceperint.
323 1302 453 1346 Testis,
464 1307 507 1337 ut
523 1302 640 1345 aiunt,
655 1302 782 1337 Livius
795 1302 958 1348 quicum
968 1303 1119 1339 Rhaetos
1136 1315 1202 1350 po-

62 1360 136 1395 tius
149 1361 196 1395 ab
207 1360 383 1404 Etruscis,
397 1359 542 1396 Gallico
555 1360 718 1395 tumultu
736 1360 774 1394 in
791 1365 936 1395 montes
950 1361 1077 1407 pulsis,
1089 1373 1201 1407 quam

65 1417 236 1453 Etruscos
248 1429 271 1452 a
280 1418 422 1453 Rhaetis
429 1417 622 1462 derivaret,
632 1417 671 1452 in
679 1429 837 1453 errorem
845 1430 930 1453 eum
941 1418 1109 1465 incidisse
1121 1431 1200 1455 ma-

64 1475 238 1510 nifestum
256 1480 438 1522 arguunt3
464 1476 569 1522 quasi
585 1476 736 1511 demum
750 1476 947 1511 verisimile
965 1481 1059 1512 esset
1077 1477 1204 1513 Etrus-

64 1527 123 1568 cos
133 1533 212 1579 jam
227 1533 375 1568 luxurie
391 1537 593 1577 enervatos,
606 1538 756 1580 gentem
772 1534 875 1579 illqm
894 1546 913 1569 e
932 1535 1121 1570 montibus
1137 1548 1202 1571 ex-

65 1590 213 1636 pulisse,
231 1601 387 1636 quorum
396 1591 620 1637 propinquos
637 1591 818 1627 maenibus
832 1592 921 1627 tecti
932 1593 1109 1628 sustinere
1128 1605 1201 1628 non

65 1652 246 1694 poterant.
285 1648 427 1684 Eodem
444 1649 560 1696 igitur
572 1649 695 1694 modo,
713 1661 787 1696 quo
803 1661 826 1684 a
844 1650 989 1686 Graecifi
1005 1655 1091 1686 ante
1110 1651 1203 1686 Hel-

66 1705 179 1750 lenas,
196 1706 246 1741 sic
263 1706 310 1742 ab
325 1706 436 1741 Italia
449 1706 573 1742 Rhaeti
591 1706 767 1754 Pelasgos
779 1708 1022 1754 pepulerunt:
1048 1713 1203 1755 uterque

64 1763 224 1810 populus
246 1763 357 1798 armis
378 1775 492 1810 quam
515 1764 653 1799 artibus
673 1765 893 1810 praeclarior‚
919 1777 1003 1801 cum
1030 1766 1204 1813 Pelasgos

65 1821 200 1868 partim
216 1821 415 1868 ejecissent,
428 1822 567 1869 partim
580 1822 620 1856 in
638 1822 853 1857 servitutem
870 1823 1105 1870 redegissent,
1118 1835 1203 1870 pos-

66 1884 183 1915 tremo
207 1891 293 1914 cum
318 1879 424 1915 victis
450 1879 686 1915 coalescebat.
738 1880 866 1915 Fuerit
898 1880 1021 1926 aliqua
1053 1881 1203 1917 fortasse

65 1937 223 1972 duarum
251 1937 419 1983 gentium
442 1941 655 1983 pervetusta
680 1937 910 1984 conjunctio:
944 1938 1117 1974 credibile
1149 1944 1205 1974 est

70 1994 218 2030 Rhaetos
238 1993 341 2040 aeque
357 2005 398 2030 ac
418 1994 606 2038 Hellenas,
629 2006 675 2030 ex
694 1994 885 2042 Pelasgico
909 1995 1008 2031 fonte
1029 2001 1137 2041 ortos,
1163 1997 1201 2033 in

400 2122 412 2137 ·
434 2120 468 2147 v.
486 2120 571 2147 Nieb.
589 2120 805 2155 v01.1.p.101.
826 2122 850 2154 ς.
