1358 2470
130 299 171 334 12
342 307 560 334 mmmmm
583 308 719 334 POMPA
738 309 846 335 APUD
869 307 1076 335 Romanos.

125 415 280 451 Caelitus
298 427 433 452 eversae
451 415 585 461 exiti03
613 423 735 465 stupet
754 416 848 452 Itala.
864 417 979 465 pubes

127 483 218 520 Fixa
235 484 370 527 oculos,
388 485 553 534 viresque
573 484 676 521 timet
694 484 888 534 vultusque
906 485 1080 534 superbos

124 552 349 595 vinctorum,
367 552 540 602 certssque
557 552 699 589 animos
716 552 753 588 in
772 559 888 588 morte
909 551 1109 589 feroces.—

180 621 279 671 Ergo
297 621 404 670 agite,
426 620 592 664 Ausonii,
610 632 724 656 saevos
744 619 921 657 celebrate
941 621 1157 671 triumphos,

129 689 230 725 Dum
250 689 334 725 licet
348 689 531 738 3—ignari
549 689 659 726 tantis
679 701 790 740 quam
809 689 958 738 parvula
975 690 1082 726 rebus

128 757 208 793 Stet
227 756 300 794 sato
319 769 487 794 concessa
505 756 592 793 dies.
646 757 668 793 J
674 769 732 793 am
750 756 905 806 lugubre
923 757 1054 794 caelum

129 825 325 862 Ominibus
343 833 468 868 scatet,
487 832 523 861 et
544 825 685 862 venturi
702 825 855 874 praescia
873 825 978 862 casus

131 892 338 930 Pallescunt
355 892 575 930 simulachra
593 892 733 936 Deflm,
751 893 979 944 suspiriaque
998 894 1070 930 alta

130 960 256 1003 Audit,
275 967 311 997 et
328 960 476 997 insolita
495 961 653 1010 gemitus
671 961 738 997 sub
755 967 862 997 nocte
880 960 1056 997 sacerdos.

132 1028 297 1077 Magnus
315 1027 428 1072 adest,
441 1029 592 1078 jamque
613 1028 786 1065 Hebraeis
805 1041 825 1064 e
843 1029 1029 1065 montibus
1049 1028 1158 1065 Ultor

132 1096 250 1139 Exiit,
271 1096 460 1146 Indigetes
481 1097 597 1133 Divos
616 1103 652 1133 et
666 1097 786 1146 prisca
802 1096 966 1133 locorum

133 1163 209 1205 Qui
226 1165 346 1201 turbet
365 1177 478 1208 sacra,
497 1165 557 1201 cui
575 1165 679 1202 cedet
699 1165 781 1201 Rex
799 1164 947 1214 Jupiter
964 1164 1082 1207 Arois,

135 1231 187 1268 Et
205 1231 325 1275 Mars,
343 1239 379 1269 et
398 1231 555 1269 Bellona
565 1232 695 1269 :—Illi
711 1244 786 1268 non
804 1231 951 1268 horrida
968 1231 1075 1274 bella,

137 1300 225 1336 Non
244 1311 349 1337 enses
368 1299 559 1351 galeaeque
576 1300 742 1350 placent3
770 1299 833 1336 sed
851 1311 1004 1336 munera
1019 1299 1120 1349 pacis

137 1367 250 1404 Casta
268 1367 396 1411 serent,
415 1375 601 1418 grataeque
619 1367 701 1405 albo
722 1367 900 1404 velamine
918 1367 1035 1405 turbae

141 1436 323 1473 innocuas
343 1435 478 1474 ducent
494 1449 586 1487 pura
603 1435 647 1473 ad
669 1436 819 1473 donaria
834 1447 999 1486 pompas.

715 1558 966 1596 EDVINUS
993 1558 1236 1603 PALMER,

829 1642 853 1667 E
874 1642 985 1669 com„
1005 1643 1119 1670 mm„
