1358 2470
188 292 283 324 artes
298 300 320 324 a
338 289 527 336 relligione
548 290 716 326 foventur
736 292 1036 340 suscstanturque,
1054 295 1132 330 haec
1148 307 1233 331 vero
1254 298 1301 332 ab

188 345 260 380 illis
275 351 426 381 ornatur
443 351 553 392 atque
569 347 780 383 illustratur.
817 350 946 395 Itaque
961 351 1078 386 varias
1095 352 1302 398 reipublicoe

188 404 420 446 mutationes,
450 404 568 439 cultus
599 405 752 447 Etrusci,
783 405 894 440 etiam
926 406 1162 453 philosophice
1193 413 1302 455 atque

187 465 400 495 mercaturae
414 460 676 495 vicissitudines
691 473 736 496 ex
753 462 998 498 monumentis
1013 463 1097 499 licet
1108 465 1300 510 explicare.

188 515 241 549 Ut
262 527 348 550 vero
375 516 473 562 apud
499 517 658 559 Graecos,
681 517 730 553 sic
752 519 863 553 etiam
885 519 1043 555 Etruriae
1066 521 1135 556 fuit
1161 527 1304 569 tempus

185 571 343 616 aliquod,
362 584 434 618 quo
450 572 638 619 ingenium
657 575 776 621 gentis
791 576 884 611 vires
905 577 1129 622 explicuerit,
1147 584 1183 614 et
1199 581 1302 625 quasi

186 628 317 663 amotis
343 629 496 664 vinculis
522 630 672 676 coeperit
699 632 896 668 luxuriare.
946 633 1031 668 Jam
1057 635 1156 669 rudis
1178 636 1241 671 illa
1266 642 1304 672 et

188 684 301 730 prope
321 690 521 720 monstrosa
545 686 700 722 hominis
725 687 843 734 figura
864 690 901 724 in
925 690 1124 735 spirantem
1145 691 1302 739 effigiem

185 745 350 787 mutata3
388 742 608 778 lineamenta
638 744 721 787 oris,
754 746 966 791 compositio
991 747 1127 792 vultus,
1159 749 1304 785 habitus

187 798 446 841 membrorum,
460 799 550 834 adeo
562 800 740 846 exquisite
753 801 883 845 efficta,
896 807 939 838 ut
951 815 1033 838 cum
1045 803 1183 840 Graeeis
1192 806 1302 841 etiam

185 856 365 886 certarent
377 853 632 889 monumentis.
681 855 815 890 Vereor
831 856 915 891 sane
931 868 976 891 ne
991 868 1014 892 a
1028 859 1211 903 proposito
1231 859 1303 896 fine

184 909 309 943 videar
325 909 503 951 deerrare,
520 911 581 945 sed
601 922 685 945 cum
705 912 822 947 omnis
847 912 919 948 fere
937 918 1058 948 nostra
1078 915 1122 949 de
1142 916 1302 952 moribus

185 965 420 1001 Etruscorum
443 966 573 1001 notitia
594 967 632 1002 in
652 968 825 1014 relliquiis
851 969 947 1005 hisce
969 970 1208 1015 contineatur,
1225 973 1302 1008 eni-

184 1022 337 1057 tendum
369 1026 412 1057 ut
443 1023 562 1057 varias
586 1023 718 1058 artium
747 1026 966 1062 mutationes
993 1027 1053 1062 vel
1081 1027 1128 1062 ab
1163 1028 1302 1076 origine

185 1077 304 1124 gentis
320 1079 521 1113 accuratius
538 1080 758 1116 evolvamus.

230 1134 371 1175 Quibus
385 1135 496 1181 igitur
511 1137 627 1171 modis
642 1137 681 1171 in
698 1137 862 1173 Deorum
879 1138 1019 1174 cultum
1038 1148 1133 1175 artes
1151 1141 1301 1177 adhibe-

181 1195 301 1233 antur,
319 1202 426 1226 nemo
447 1192 601 1238 ignorat,
623 1205 739 1239 neque
760 1194 836 1229 ulla
857 1207 944 1241 gens
966 1201 1021 1231 est
1041 1201 1117 1231 tam
1137 1198 1299 1244 barbam,

180 1258 261 1292 quae
282 1259 354 1282 non
377 1248 536 1294 aliquam
561 1249 645 1284 sane
665 1250 827 1286 Deorum
848 1251 1003 1298 figuram
1030 1253 1152 1288 animo
1173 1265 1300 1290 conce-

180 1303 286 1348 perit.
324 1304 416 1344 Quae
433 1306 580 1351 quidem
592 1306 709 1353 figura
721 1307 811 1342 nihil
823 1309 922 1343 aliud
940 1314 994 1344 est
1004 1322 1115 1355 quam
1127 1310 1298 1356 humana,

180 1371 290 1404 quam
303 1372 368 1405 pro
382 1362 482 1396 varia
498 1363 616 1408 gentis
632 1363 754 1399 indole
767 1365 954 1411 variatam,
969 1366 1043 1401 sive
1060 1367 1105 1401 ad
1123 1368 1210 1412 vim,
1225 1368 1300 1403 sive

179 1415 403 1452 ferocitatem
425 1419 713 1463 exprimendam,
735 1421 924 1467 sculptoris
944 1433 1000 1456 ars
1022 1427 1086 1457 aut
1106 1423 1145 1458 in
1162 1424 1300 1469 perfec-

179 1476 255 1506 tam
271 1473 424 1509 hominis
439 1474 598 1522 effigiem
616 1476 877 1522 informaverit,
892 1483 954 1513 aut
970 1479 1198 1515 deformitate
1211 1482 1298 1526 qua-

179 1529 265 1563 dam
282 1529 320 1564 in
336 1536 538 1565 monstrum
556 1532 755 1567 detorserit.
801 1533 899 1569 Hinc
916 1546 1040 1570 omnes
1055 1535 1298 1572 humanorum

178 1585 383 1621 animorum
407 1587 557 1623 affectus
580 1590 844 1625 transferuntur
865 1591 902 1625 in
926 1591 1072 1637 Deum3
1102 1592 1187 1627 hinc
1212 1593 1298 1628 boni

179 1642 337 1688 malique
361 1643 583 1686 similitud0;
611 1645 797 1680 celestium
818 1646 1111 1694 infernorumque
1134 1648 1297 1684 Deorum

178 1698 353 1745 imagines
370 1699 406 1733 in
420 1701 616 1745 parietibus
631 1703 857 1748 sculpuntur.
899 1703 988 1743 Quis
1005 1704 1101 1738 enim
1115 1705 1298 1742 dubitaret

178 1755 390 1790 animalium
417 1757 562 1792 illorum
594 1763 772 1803 portenta,
802 1759 840 1794 in
869 1771 990 1795 rerum
1018 1761 1149 1795 natura
1178 1763 1296 1808 expli-

177 1812 292 1846 canda
309 1812 385 1847 vim
402 1814 585 1859 quandam
601 1815 768 1850 habuisse
784 1820 821 1851 et
836 1816 1046 1852 notionem?
1096 1817 1195 1857 Quid
1211 1829 1297 1854 vero

176 1867 365 1903 hominum
393 1873 531 1905 mentes
558 1871 604 1905 ad
632 1871 795 1907 Deorum
824 1873 1062 1908 reverentiam
1090 1878 1128 1908 et
1155 1879 1295 1910 metum

175 1924 296 1969 potius
307 1925 507 1971 impelleret
519 1938 628 1972 quam
646 1928 838 1974 magnifica
850 1928 913 1964 illa
924 1929 1145 1975 templorum
1158 1931 1294 1967 moles?

176 1980 214 2013 in
230 1980 362 2026 quibus
383 1992 455 2016 non
477 1983 655 2028 exquisita
674 1985 760 2019 artis
782 1985 974 2030 subtilitas,
993 1986 1054 2021 sed
1077 1986 1176 2021 rudis
1194 1999 1295 2033 quae-

176 2036 261 2071 dam
289 2038 514 2084 simplexque
541 2040 706 2086 majestas
730 2046 822 2075 esset
847 2042 1071 2077 admiranda.
1122 2042 1205 2077 Mos
1233 2043 1294 2079 ille

175 2091 246 2127 fuit
264 2104 380 2129 sacras
403 2095 497 2129 aedes
516 2106 535 2130 e
552 2107 639 2132 saxo
655 2097 831 2142 quadrato
845 2097 1058 2141 aedificandi,
1075 2110 1156 2144 quoe
1178 2099 1294 2145 primo
