1358 2470
251 219 366 248 APUD
386 217 603 252 ANTIQUOS
622 217 690 252 VIS
711 218 766 247 ET
788 204 1016 247 UTILITAS?
1178 206 1229 244 15

42 319 175 362 altero

573 388 679 428 ταῦτ’
701 388 780 429 ἐστὶ
800 388 905 428 ταῦτ’
927 388 1045 428 ἐκεῖνα

99 456 127 498 ἃ
144 460 216 498 τῶν
236 454 429 497 νεανίσκων
449 457 505 497 ἀεὶ
527 457 568 498 δι’
591 455 726 514 ἡμέρας
747 455 957 497 λαλούντων

99 530 233 584 πλῆρες
252 526 294 567 τὸ
315 526 509 577 βαλανεῖον
528 528 622 568 ποιεῖ
636 527 740 574 κενὰς
760 524 796 567 δὲ
814 527 883 573 τοὶς
901 523 1155 583 παλαίστρας.

46 664 139 707 Nec
168 664 279 707 ullus
307 667 407 708 vero
445 663 606 706 inficias
645 663 716 706 ibo
755 663 875 722 quin,
911 664 997 706 sive
1037 679 1142 722 opus
1180 665 1234 708 sit

44 750 232 778 recreare
263 735 417 778 civium
447 734 608 777 animos
637 734 780 777 labore
814 733 966 777 nimio‘
991 734 1232 787 delassatus,

43 804 130 847 sive
169 803 255 846 otia
293 802 539 845 eorumdem
578 801 726 844 studiis
758 800 960 858 improbis
991 801 1232 859 praeripere,

44 872 261 930 gymnasia
287 887 337 914 ac
365 870 604 928 spectacula
630 869 800 927 publico
830 876 1001 926 sumptu
1030 870 1236 915 instructa

45 941 248 983 maximas
278 940 480 982 utilitates
511 939 708 982 habeant.
772 938 858 981 Sed
886 938 980 981 haec
1011 938 1055 980 in
1089 943 1236 998 ἰατρευ-

45 1010 174 1064 μάτων
193 1009 285 1052 loco
305 1008 500 1065 ponenda
520 1015 671 1058 essent,
693 1007 807 1065 quod
828 1014 973 1057 contra
991 1022 1080 1051 rem
1101 1015 1234 1051 totam

44 1087 262 1136 tamquam
302 1092 457 1120 munus
495 1077 708 1134 quoddam
748 1083 876 1134 atque
914 1077 1097 1120 officium
1135 1079 1235 1122 vitae

46 1154 209 1190 veteres
243 1147 386 1190 Graeci
419 1153 661 1203 posuerunt.
733 1149 803 1189 Ex
837 1145 916 1188 hac
949 1146 1079 1203 igitur
1115 1155 1236 1205 parte

39 1216 130 1272 jam
151 1215 293 1258 denuo
312 1214 639 1271 disputationem
659 1213 885 1257 ordiamur.

107 1283 256 1341 Itaque
277 1283 460 1340 primum
481 1282 687 1334 omnium,
709 1282 824 1340 quod
842 1281 897 1324 ad
916 1281 1102 1338 singulos
1125 1283 1238 1328 cives

45 1351 210 1401 attinet,
240 1350 471 1393 officiorum
504 1365 660 1406 magna
697 1365 793 1406 pars
826 1351 882 1393 ad
920 1352 1237 1395 aemulationem

46 1419 407 1476 ambitionemque
427 1418 702 1462 revocabatur
714 1434 726 1469 3
760 1420 811 1459 τοὶ
838 1420 917 1476 γὰρ
941 1417 1040 1461 ἆθλα
1059 1422 1098 1462 οὖ
1117 1423 1238 1479 μικρὰ

47 1491 65 1529 ὁ
83 1487 224 1537 ἔπαινος
243 1490 347 1546 παρὰ
365 1492 436 1529 τῶν
457 1488 602 1538 θεατῶν,
619 1488 682 1529 καὶ
702 1487 745 1528 τὸ
767 1487 1035 1542 ἐπισημότατον
1053 1489 1236 1547 γενέσθαι,

47 1555 111 1596 κα)
132 1553 333 1596 δείκνυσθαι
357 1557 411 1609 τῷ
430 1553 616 1610 δακτύλῳ,
637 1553 791 1612 ἄξια-τον
811 1554 899 1597 εἶναι
919 1560 991 1598 τῶν
1011 1558 1091 1599 καθ’
1110 1560 1238 1602 ἑαυτὸν

48 1623 236 1663 δοκοῦντα.
266 1623 312 1670 ὥς
334 1620 368 1662 εἴ
383 1620 432 1678 γε’
452 1638 507 1670 τις
526 1621 589 1663 τὸν
608 1625 671 1672 τῆς
692 1621 857 1670 εὐκλείας
877 1621 998 1681 ἔρωτα
1017 1624 1174 1678 ἐκβάλοι
1195 1629 1238 1669 ἐκ

47 1693 112 1730 τοῦ
130 1691 227 1742 βίου,
247 1690 294 1731 τί
321 1688 372 1731 οἲν
401 1689 468 1731 ἐ’τι
496 1690 671 1747 ἀγαθὸν
696 1693 800 1744 ἡμῖν
829 1689 1056 1748 γένοιτοῆ
1090 1694 1239 1738 Utilis-

47 1756 200 1799 simum
214 1760 312 1801 sane
324 1757 443 1808 illud,
456 1757 583 1800 modo
596 1757 773 1809 cautius,
787 1758 904 1801 velut
915 1759 1238 1807 incitamentum

47 1841 98 1869 ae
131 1826 336 1878 stimulus,
372 1841 457 1870 non
491 1827 584 1870 fons
617 1841 667 1870 ac
701 1841 828 1870 causa
862 1842 912 1870 ac
950 1828 1047 1873 finis
1084 1833 1240 1888 agendi

47 1894 235 1946 honeste,
255 1895 530 1938 adhibeatur:
559 1895 674 1938 idem
693 1895 795 1939 vero
821 1896 949 1940 modo
975 1913 1121 1942 carens
1144 1915 1241 1958 per-

48 1963 333 2008 niciossimum
354 1972 430 2007 est.
491 1964 604 2006 Nam
634 1964 741 2007 adeo
766 1965 990 2009 temeraria
1017 1974 1145 2026 atque
1175 1970 1241 2013 in-

50 2039 242 2076 constans
260 2040 324 2076 est
337 2032 471 2089 gloria
485 2040 533 2075 ut
545 2033 740 2076 eamdem
755 2033 879 2076 aliter
892 2034 1022 2091 quam
1037 2039 1240 2082 merendo

220 2182 232 2213 ἕ
252 2183 401 2224 Thucyd.
418 2184 451 2215 ii.
467 2186 519 2216 38.
753 2189 770 2214 Β
792 2187 930 2220 Lucian.
946 2200 977 2230 p.
991 2189 1066 2223 917.
