1358 2470
253 201 368 230 APUD
388 200 605 233 ANTIQUOS
627 199 691 228 V1s
712 199 767 228 ET
790 184 1018 228 urruns?
1183 186 1234 224 19

42 301 216 358 agendis
242 301 395 344 fabulis
423 300 703 359 quaestionem
729 315 836 350 esse,
857 299 899 341 in
929 297 1084 356 quibus
1111 305 1239 354 poeta

41 387 238 429 nunquam
258 386 334 413 non
355 370 559 428 populum
580 370 699 427 quasi
720 370 809 427 ipse
830 369 884 411 de
911 383 955 411 se
977 368 1020 410 in
1042 366 1240 422 suffragia

42 441 217 483 serenda
236 441 378 484 mittit.
420 440 513 482 Nec
535 440 626 482 fieri
642 448 778 497 potest
795 447 842 481 ut
858 438 920 481 vir
935 440 1031 481 vere
1049 437 1240 494 poeticus

47 512 119 565 (ne
140 509 233 567 quis
253 518 397 566 poetas
416 509 527 566 ipsos
543 517 786 565 corruptum
804 507 855 549 iri
869 505 1039 559 dixerit)
1052 504 1240 547 victoriae

43 577 234 634 appetitu
263 592 289 619 a
318 575 493 619 celsiore
524 576 709 633 quodam
739 575 824 618 fine
854 574 1056 616 ducatur:
1100 587 1240 630 neque

43 646 158 689 enim
179 653 317 703 poeta,
339 644 419 688 nisi
439 660 568 702 quem
591 660 714 687 suum
737 643 957 700 ingenium
980 642 1032 684 ad
1054 642 1242 685 scriben-

43 713 146 755 dum
185 713 415 770 impulerit,
449 712 493 754 in
533 711 755 755 scribendo
784 710 883 753 satis
914 709 1240 753 confirmaverit.

46 781 158 825 Nolo
177 782 376 840 equidem
391 781 587 839 persequi
602 781 768 824 minora
782 779 1085 829 emolumenta,
1100 777 1243 836 qualia

43 858 143 893 sunt
180 850 439 893 advenarum
479 849 719 907 frequentia
753 863 804 890 ac
838 846 1023 903 negotia,
1057 861 1156 903 quae
1189 846 1244 889 ad

46 917 329 961 Athenienses
348 933 401 960 ex
421 917 635 975 Dionysiis
650 917 924 975 profluerent,
939 930 1037 958 cum
1059 914 1244 972 AEschy-

44 987 123 1036 lus,
167 986 410 1043 Sophocles,
453 985 694 1043 Euripides,
736 985 1055 1042 Aristophanes,
1104 990 1239 1025 totam

44 1055 253 1098 rationem
276 1055 376 1098 satis
400 1054 639 1099 nobilitent.
699 1055 811 1099 Vere
837 1054 1026 1113 quidem,
1047 1061 1244 1112 typogra-

45 1123 226 1180 phorum
246 1130 336 1166 arte
356 1123 547 1166 nondum
568 1123 752 1180 reperta,
774 1123 828 1165 de
848 1130 1031 1181 quatuor
1049 1122 1139 1164 istis
1158 1122 1243 1165 dici

45 1199 242 1248 poterant
253 1206 304 1235 ea
319 1206 417 1249 quae
433 1192 610 1235 Flaccus
625 1192 679 1235 de
695 1192 890 1236 universo
901 1193 1050 1236 vatfim
1065 1205 1244 1234 munere

45 1260 333 1318 pronuntiavit
345 1277 356 1303 ε

184 1401 237 1435 Os
251 1405 409 1435 tenerum
423 1401 520 1448 pueri
535 1399 744 1446 balbumque
759 1404 863 1447 poeta
877 1399 1024 1444 figurat;

184 1457 341 1502 Torquet
355 1457 399 1491 ab
415 1457 586 1491 obscoenis
595 1457 671 1504 jam
685 1469 773 1491 nunc
790 1457 1004 1492 sermonibus
1019 1469 1137 1492 aurem

188 1514 278 1549 Mox
294 1515 400 1549 etiam
416 1518 534 1562 pectus
550 1515 728 1562 praeceptis
743 1514 869 1549 format
885 1515 1016 1558 amieis,

186 1571 397 1618 Asperitatis
414 1575 448 1605 et
464 1571 603 1606 invidiae
619 1575 786 1605 corrector
803 1574 838 1605 et
854 1571 932 1606 irae:

188 1628 300 1663 Recte
315 1628 408 1663 facta
423 1628 547 1664 refert:
572 1629 718 1663 orientia
732 1632 888 1676 tempora
903 1629 995 1663 notis

188 1687 335 1721 Instruit
351 1686 536 1733 exemplis:
561 1686 699 1733 inopem
714 1685 843 1720 solatur
859 1689 895 1720 et
910 1697 1053 1731 aegrum.

51 1811 263 1854 Videntur
282 1810 398 1853 enim
425 1812 524 1853 cum
548 1824 601 1852 ex
628 1809 848 1866 relligione
874 1817 968 1851 tum
995 1809 1244 1853 auctoritate

50 1879 222 1938 publica
243 1879 461 1922 constituti
481 1893 571 1921 esse
592 1877 666 1936 qui
685 1893 797 1933 suos,
816 1878 861 1921 id
889 1879 1005 1936 quod
1034 1878 1244 1936 optimum

51 1957 131 2001 est,
151 1950 344 1992 doceant.

111 2020 176 2076 (γ)
207 2017 306 2068 Sed,
327 2017 433 2060 heus
453 2024 500 2059 tu
517 2016 528 2059 Ξ
559 2014 749 2071 (fortasse
770 2015 925 2059 dixerit
942 2016 1151 2074 quispiam
1171 2016 1246 2074 qui

52 2088 249 2135 ludorum
269 2086 528 2144 reliquorum
550 2084 756 2128 rationem
776 2099 803 2127 a
822 2084 945 2128 nobis
964 2085 1247 2143 improbatam

54 2155 269 2212 audierit,)
289 2155 344 2197 de
367 2155 521 2198 Graecfi
542 2167 627 2195 non
647 2152 702 2195 de
726 2152 915 2196 Platonis
939 2153 1091 2197 Politia
1111 2154 1248 2212 loqui-
