1358 2470
56 302 205 350 quidem
235 302 361 338 solidae
388 306 428 338 et
457 313 566 349 poene
597 301 782 347 informes,
811 300 1008 348 paullatim
1034 300 1197 349 eleganti

54 360 287 407 simplicitate
310 361 484 396 Doricam
504 364 735 397 venustatem
760 359 943 395 aemulatae
965 362 1062 394 sunt.
1112 359 1196 394 Sin—

54 418 143 466 gula
167 430 255 454 vero
283 419 424 466 templa
451 419 490 454 in
522 423 596 455 tres
621 419 731 454 cellas
760 418 877 453 divisa
909 423 1007 462 sunt,
1038 429 1196 464 quarum

53 486 167 512 unam
194 476 219 512 J
221 476 294 522 ovi,
325 477 480 512 alteram
500 477 525 512 J
528 477 654 522 unoni,
684 476 831 512 tertiam
865 476 1086 511 dedicabant
1117 475 1193 510 Mi-

52 545 188 570 nervae.
245 535 411 582 Antiqua
426 534 513 571 sane
533 535 653 571 forma
680 545 766 570 cum
782 545 853 569 usu
875 534 1091 578 inveterata,
1111 537 1194 568 tum

50 592 241 640 relligione
268 597 476 629 consecrata
501 593 584 639 fuit,
612 604 698 628 cum
724 592 888 639 singulas
914 591 1046 638 templi
1071 597 1194 637 partes

51 650 115 686 vix
141 651 296 687 dubium
330 651 377 687 sit
402 651 589 687 oecultum
615 651 794 697 quiddam
827 649 1064 697 significasse.
1114 648 1194 684 Nec

50 708 165 756 igitur
182 709 348 745 absimile
367 713 422 745 est
440 713 483 745 ut
503 709 543 744 in
561 709 697 753 medi&
716 719 829 755 quam
849 708 1049 754 appellant,
1068 711 1190 751 aetate,

49 765 100 802 sic
115 767 214 813 apud
225 767 360 803 Tuscos
375 778 524 803 omnem
541 766 645 802 illam
662 766 861 813 sculpturae
879 770 918 801 et
934 765 1190 800 architecturae

3 814 20 863 5
48 828 165 860 artem
182 824 292 860 fuisse
314 837 427 871 penes
449 825 676 871 sacerdotes3
701 835 787 860 cum
807 828 935 860 vetera
951 823 1191 859 Etruscorum

7 882 21 919 ,⁷
47 887 288 918 monumenta
304 883 484 930 ejusmodi
499 883 588 926 sint,
606 894 689 929 quae
707 893 781 917 non
801 885 880 917 tam
897 881 1021 916 vivido
1037 885 1189 928 vegeto-

47 950 118 986 que
140 939 267 976 liberae
295 941 416 988 gentis
435 940 599 988 ingenio,
625 940 690 975 sed
710 939 863 975 artificio
889 939 1038 975 cuidam
1069 939 1187 974 tribu-

48 997 143 1032 enda
163 998 236 1033 sint
254 1003 290 1034 et
306 998 478 1034 imitandi
497 998 631 1034 studio.
683 998 744 1033 Ita
761 1008 944 1044 nusquam
963 996 1083 1044 poesis
1100 997 1188 1032 satis

0 1047 13 1094 „3
47 1054 190 1100 liberas,
202 1056 296 1091 utin
308 1056 477 1103 populari
492 1056 652 1101 civitate,
666 1059 774 1092 nacta
784 1055 892 1100 vires,
907 1055 1004 1101 apud
1017 1055 1191 1090 Etruscos

47 1112 191 1160 floruit3
218 1114 306 1161 quia
329 1113 472 1161 relligio
493 1113 566 1149 alte
587 1113 626 1148 in
647 1113 832 1148 mentibus
854 1113 976 1148 defixa
996 1124 1071 1148 non
1096 1112 1189 1148 ima—

48 1171 151 1219 gines
164 1183 286 1207 rerum
306 1171 479 1218 captabat
493 1184 503 1218 ;
530 1175 570 1207 at
586 1171 713 1206 revera
728 1170 922 1206 hominum
939 1170 1131 1218 ingenium
1147 1171 1188 1206 in

0 1225 4 1274 j‘
48 1229 232 1276 mysteriis
246 1229 538 1276 contemplandis
554 1229 624 1265 sibi
640 1229 711 1276 ipsi
727 1229 930 1265 diffidebat.

0 1287 6 1334 ᾗ
94 1287 120 1322 J
122 1298 183 1322 am
211 1287 251 1322 in
279 1287 398 1334 ipsam
426 1286 567 1321 νεκύιαν
591 1288 796 1331 veniamus,
823 1287 962 1323 moenia
990 1286 1189 1334 Cyclopea,

48 1349 199 1381 arcuata
230 1345 400 1388 claustra,
433 1346 587 1382 solidam
619 1350 656 1381 et
687 1357 802 1392 prope
839 1350 1015 1381 aeternam
1050 1344 1189 1380 molem

0 1414 5 1440 ;
50 1402 173 1438 animo
189 1414 450 1450 proponamus.

0 1451 2 1457 ¹
98 1460 372 1496 Constituamus
381 1465 467 1496 ante
476 1460 600 1496 oculos
609 1460 790 1508 imagines
799 1461 1068 1505 Lucumonum,
1078 1459 1191 1507 longo

0 1514 5 1543 j
50 1517 176 1554 ordine
200 1518 405 1565 dispositas,
433 1529 591 1565 quorum
617 1518 739 1565 capita
766 1519 907 1554 coronis
933 1518 1053 1554 aureis
1080 1518 1190 1554 deco-

0 1614 5 1619 ,
50 1580 191 1622 rantur,
218 1587 350 1611 manus
379 1587 505 1612 arcum
530 1580 568 1611 et
594 1577 748 1624 sagittas
774 1580 926 1622 tenent3
957 1577 1067 1611 busta
1090 1588 1189 1612 mar-

50 1644 173 1668 morea
188 1637 225 1669 et
239 1634 279 1668 in
294 1634 520 1680 templorum
539 1633 697 1670 formam
714 1638 901 1670 exstructa
915 1648 924 1680 3
951 1634 1087 1677 omnia,
1105 1646 1189 1680 quae

0 1717 3 1727 ÷
50 1691 275 1727 domicilium
301 1697 543 1734 mortuorum,
571 1691 611 1726 in
637 1704 712 1738 quo
733 1692 881 1728 dulcem
904 1692 1019 1727 animi
1041 1692 1191 1738 capiant

51 1749 222 1796 quietem,
249 1749 472 1796 exprimant.
523 1749 706 1785 Abhorret
736 1750 874 1797 quippe
902 1749 1112 1797 longissime
1141 1750 1190 1785 ab

3 1812 6 1814 ’
53 1806 290 1842 Etrusconun
310 1806 502 1854 relligione
522 1818 620 1842 vana
641 1807 706 1842 illa
726 1812 764 1842 et
780 1807 990 1852 illaetabilis,
1016 1819 1128 1854 quam
1150 1807 1190 1842 in

53 1864 215 1911 Odyssea
230 1864 401 1911 reperias,
414 1864 640 1900 Umbrarum
657 1865 758 1900 notio
772 1878 782 1911 ;
808 1876 876 1900 nec
889 1864 960 1900 fuit
975 1864 1067 1899 illud
1086 1863 1191 1911 quasi

0 1916 14 1962 {2
52 1933 179 1969 corpus
205 1927 271 1958 aut
296 1922 401 1969 quasi
421 1922 583 1969 sanguis,
601 1927 641 1957 at
665 1922 824 1958 solidum
847 1922 1026 1969 quiddam
1049 1927 1086 1957 et
1106 1920 1191 1957 vere

3 1997 9 2032 3
51 1979 254 2016 humanum
277 1980 453 2026 spirabat.
500 1979 634 2015 *Hinc
658 1980 749 2015 ritus
777 1980 920 2015 funerei
945 1985 983 2015 et
1008 1980 1187 2026 exequiae,

0 2057 6 2090 Ξ
52 2037 151 2074 illinc
189 2038 406 2074 saltatorum
454 2042 560 2073 erant
597 2038 918 2084 gladiatorumque
965 2038 1186 2084 spectacula.

440 2166 454 2181 ⁰
478 2164 579 2191 Micali
592 2164 664 2191 Tab.
680 2165 777 2192 lxviii.
