1358 2470
117 516 189 551 DE
215 514 568 551 ETRUSCORUM
594 513 762 550 CULTU
789 512 1029 548 MORIBUS
1054 512 1119 548 ET

250 595 477 631 LEGIBUS
504 594 805 635 EORUMQUE
829 593 976 629 APUD

341 675 594 711 ROMANOS
618 674 890 710 VESTIGIIS.

376 823 471 858 ΕΜ
501 835 588 860 sane
628 823 894 859 nobilissimam
935 823 1107 870 aggressi,
1139 823 1185 859 de

352 914 358 917 ⁷
415 882 654 917 Etruscorum
673 881 851 916 institutis
865 880 1091 927 fortunisque
1108 880 1185 916 dic-

416 997 599 1043 scriptoris
625 1008 683 1032 ars
711 1000 749 1032 et
773 996 931 1031 materia
953 996 1035 1042 ipsa
1063 996 1187 1032 deesse

335 1074 360 1088 s
416 1056 598 1091 videatur.
651 1054 749 1089 Nam
776 1066 820 1090 ea
847 1066 930 1100 quae
960 1054 1006 1089 de
1024 1054 1187 1089 Etruscis

373 1122 375 1125 ’
418 1113 624 1159 accepimus
645 1123 668 1147 a
691 1111 868 1147 Romanis
884 1115 1057 1158 corrupta
1074 1116 1186 1158 atque

49 1173 249 1218 depravata
276 1175 372 1215 sunt,
395 1171 528 1218 quibus
551 1170 664 1205 etiam
689 1170 776 1216 ipsis
799 1170 990 1205 interesset
1012 1180 1087 1204 non
1111 1174 1187 1204 tra-

51 1230 150 1266 dere.
204 1229 299 1270 Quae
328 1240 414 1264 vero
446 1227 680 1275 investigatio
710 1227 789 1262 veri
821 1231 926 1270 esset,
958 1238 1043 1262 cum
1073 1226 1189 1262 literoe

52 1288 230 1331 Etruscae,
242 1286 322 1322 fons
336 1286 454 1322 omnis
466 1286 639 1328 historiae,
658 1297 679 1320 a
693 1285 870 1320 Romanis
882 1285 1187 1332 negligerentur?

50 1349 115 1380 aut
139 1356 221 1391 quae
248 1345 414 1380 custodia
440 1343 557 1379 fidelis
580 1355 703 1378 rerum
732 1348 932 1390 gestarum,
960 1354 1046 1378 cum
1076 1342 1188 1378 dubia

51 1407 196 1438 tantum
212 1403 311 1438 fama
327 1402 365 1436 in
381 1413 442 1438 ore
461 1401 654 1436 hominum
665 1401 862 1436 volitaret?
913 1401 1022 1436 Latet
1039 1400 1190 1447 quidem

50 1460 151 1507 origo
160 1460 290 1506 populi
305 1459 524 1495 obscuritate
536 1459 703 1494 involuta
719 1464 884 1494 naturae:
913 1471 995 1505 quae
1006 1459 1052 1493 ad
1069 1470 1187 1494 unum

55 1518 237 1553 elementa
264 1516 519 1558 confluxerint,
546 1517 607 1552 vel
641 1517 679 1551 in
714 1528 804 1563 quas
837 1521 959 1563 partes
991 1528 1067 1551 una
1099 1528 1188 1563 gens

51 1575 168 1611 divisa
189 1579 299 1621 atque
323 1575 505 1620 discerpta
526 1574 586 1618 sit,
610 1574 745 1609 frustra
770 1575 954 1620 requiras3
980 1574 1187 1619 hominum,

52 1636 264 1676 eventuum,
277 1633 388 1668 etiam
405 1632 553 1668 urbium
570 1632 758 1675 memoria,
776 1636 953 1678 tanquam
968 1632 1007 1666 in
1024 1637 1190 1668 mortuo-

52 1702 134 1725 rum
167 1690 366 1737 sepulchris
398 1690 564 1725 demersa
590 1689 824 1736 conquiescit.
876 1690 1035 1724 Manent
1063 1695 1189 1725 tamen

53 1748 221 1784 instituta
241 1747 408 1791 civitatis,
425 1748 533 1782 altius
550 1747 727 1794 impressa
742 1752 852 1793 atque
874 1747 1089 1790 inveterata,
1107 1759 1190 1793 quae

53 1806 99 1842 ad
117 1807 284 1853 regulam
301 1805 487 1851 quandam
505 1809 542 1840 et
558 1810 696 1841 certam
713 1816 924 1840 mensuram
942 1805 1090 1852 exigere
1106 1817 1191 1851 pos-

54 1875 177 1899 sumus
192 1876 200 1909 ;
228 1867 379 1898 manent
394 1863 531 1898 artium
546 1868 800 1906 monumenta,
813 1875 895 1909 quae
914 1874 987 1898 non
1005 1863 1192 1898 Romano-

55 1933 137 1957 rum
162 1921 354 1968 cupiditas,
372 1932 445 1956 non
469 1921 587 1956 Italiae
603 1921 760 1956 vastatio
778 1925 815 1955 et
834 1932 948 1967 prope
969 1920 1192 1966 sempiterna

55 1978 151 2014 bella
167 1978 390 2025 spoliarunt3
414 1983 542 2014 manet
559 1990 602 2014 ea
616 1990 699 2025 pars
715 1979 940 2024 reipublicae,
953 1990 1035 2024 quae
1054 1978 1098 2013 ad
1114 1979 1190 2013 Ro-

57 2048 184 2072 manos
201 2036 391 2078 translata,
414 2037 662 2083 perpetufique
679 2036 771 2071 serie
788 2036 1001 2071 continuata
1016 2037 1063 2071 ad
1078 2036 1189 2072 finem

58 2105 170 2139 usque
187 2093 331 2139 imperii
347 2094 505 2130 duravit..

106 2151 253 2187 Etenim
271 2151 301 2186 si
317 2163 441 2198 sparsa
461 2163 582 2187 rerum
605 2151 814 2199 fragmenta
834 2152 1005 2200 colligere
1027 2156 1065 2188 et
1087 2153 1190 2199 quasi
