1358 2470
165 214 217 249 20
290 220 479 252 QUAENAM
505 219 662 248 FUERIT
683 218 974 248 CERTAMINUM
999 221 1273 251 PUBLICORUM

164 332 452 360 mur—nonne
493 317 700 358 vinculum
742 317 866 359 totius
903 319 1037 373 gentis
1083 327 1200 361 erant
1244 334 1332 362 cer·

163 385 321 427 tamina
339 384 416 425 ista
437 392 612 440 quatuor
627 397 722 439 quae
742 383 857 439 quasi
879 392 1121 426 caeterorum
1143 385 1333 440 exempla

164 452 349 509 putanda
377 450 503 493 sunt?
545 465 595 492 an
631 450 734 492 illud
771 465 932 506 prorsus
966 451 1111 493 inutile
1147 452 1259 508 quod
1288 452 1331 493 in

164 522 289 562 tantis
316 520 584 561 finitimorum
613 518 858 574 populorum
886 518 1112 560 inimicitiis
1138 519 1190 560 ad
1217 534 1333 561 exer-

163 589 342 631 cendum
384 602 530 643 corpus
568 587 743 643 quisque
783 586 1043 628 ducebatur?
1091 586 1249 628 nihilne
1288 595 1330 628 te

163 663 426 699 commovent
460 663 532 696 aut
565 654 785 696 Phidiacus
813 654 883 696 ille
914 654 1090 711 Jupiter,
1120 662 1193 696 aut
1224 653 1333 695 Altis

163 733 225 766 tot
258 723 504 765 athletarum
538 721 825 777 pulcherrimis
855 721 964 763 inter
992 722 1157 764 arbores
1188 721 1333 763 statuis

162 800 320 843 ornata,
352 799 425 832 aut
460 789 669 845 Olympiae
703 788 875 830 recitata
908 789 1110 832 Herodoti
1149 788 1331 838 historia,

161 868 234 903 aut
267 857 434 901 Pindari
464 856 682 899 carmina?
741 858 799 898 At
827 865 997 898 movent
1023 856 1173 906 hercle,
1194 863 1331 912 neque

161 942 280 982 nego,
303 940 398 982 quae
426 932 515 966 erat
543 925 787 966 Graecorum
808 923 904 973 vita,
925 923 1104 979 plurima
1131 923 1217 965 istis
1243 937 1332 964 cer-

161 995 387 1036 taminibus
421 1006 504 1033 non
544 999 629 1032 tam
669 990 802 1032 inesse
841 989 970 1046 quam
1009 990 1179 1045 adjungi
1219 1004 1331 1031 com-

161 1061 296 1103 moda.
359 1059 423 1100 Ex
452 1058 514 1100 his
543 1064 684 1099 autem
715 1056 813 1112 ipsis
841 1071 993 1111 magna
1018 1071 1112 1112 pars
1139 1056 1331 1098 inchoata

160 1128 292 1183 magis
327 1126 453 1183 quam
489 1125 671 1181 perfecta
702 1131 827 1180 atque
860 1131 1028 1165 actuosa
1058 1130 1159 1166 erat.
1221 1122 1331 1164 Nam

161 1196 444 1253 periclitemur
467 1193 509 1234 in
540 1207 590 1234 eo
620 1192 730 1249 quod
762 1191 947 1234 certandi
977 1190 1185 1247 Olympiae
1214 1190 1333 1246 copia

161 1264 278 1321 quasi
317 1261 628 1304 continerentur
663 1261 907 1302 Graeeorum
947 1258 1102 1315 populi,
1135 1258 1330 1315 quodque

162 1347 236 1389 per
269 1344 430 1372 sacrum
465 1328 610 1385 quinto
644 1342 810 1384 quoque
845 1341 955 1368 anno
993 1339 1180 1367 mensem
1221 1325 1332 1367 bella

162 1401 468 1442 dirimerentur.
528 1395 793 1451 Quamquam
830 1394 957 1450 igitur
990 1393 1043 1435 de
1082 1392 1333 1434 Macedonio

162 1481 259 1522 rege
288 1463 493 1506 dubitatio
521 1461 605 1511 illa,
628 1464 793 1503 rectene
822 1467 960 1516 posset
989 1459 1031 1500 in
1060 1473 1229 1500 arenam
1258 1459 1353 1515 de-·

162 1533 374 1584 scandere,
388 1537 633 1585 argumento
648 1536 714 1570 est
732 1527 878 1585 quanti
897 1541 1042 1569 omnes
1057 1525 1197 1568 Graeci
1211 1529 1331 1569 Grae-

162 1616 257 1644 cum
287 1598 530 1654 sanguinem
559 1596 757 1646 facerent,
784 1610 868 1637 non
896 1595 1048 1637 desunt
1075 1608 1100 1636 e
1128 1593 1333 1636 contrario

161 1667 353 1724 exempla
389 1679 484 1722 quae
521 1663 807 1705 demonstrent
844 1661 940 1704 satis
969 1661 1092 1703 fuisse
1120 1660 1187 1702 vel
1220 1661 1333 1717 apud

163 1735 403 1793 Olympiam
442 1733 553 1774 inter
589 1730 914 1785 consanguineos
958 1729 1056 1771 istos
1101 1728 1331 1771 discordiae.

165 1805 351 1846 Privatos
377 1799 553 1843 civitatis
578 1798 778 1854 cujusque
801 1797 1012 1839 thesauros
1040 1796 1332 1838 animadvertit

161 1874 224 1916 vir
242 1869 537 1917 doctissimus⁵;
569 1875 612 1909 et
630 1867 770 1908 videre
790 1866 889 1908 licet
907 1866 1125 1908 nonnullas
1145 1865 1333 1908 civitates

160 1938 397 1997 frequentia
434 1936 626 1978 ludorum
665 1934 845 1991 ipsisque
883 1933 1059 1975 induciis
1096 1933 1244 1975 abusas
1277 1933 1331 1975 ad

161 2006 274 2049 bella
288 2004 373 2047 una
388 2018 483 2045 cum
499 2002 617 2044 sociis
633 2010 776 2043 contra
789 2001 889 2043 alias
904 2000 1156 2042 meditanda.
1199 1999 1330 2042 Laee-

161 2071 358 2116 daemonii
385 2070 530 2112 saltem
552 2069 713 2125 jussere
736 2068 982 2111 Lesbiorum
1003 2067 1159 2122 legatos
1178 2074 1331 2122 praesto

600 2155 656 2209 ΒΗ
668 2147 843 2192 ,Thiiwau
