1358 2470
144 207 193 245 1'2
254 216 443 249 QUA-:NAM
468 216 625 244 FUERIT
646 216 934 246 CERTAMINUM
960 217 1236 247 I‘UBLICORUM

143 314 398 356 Gladiatoria
421 313 612 364 Munera,
629 328 803 371 quorum
821 323 1013 357 neutrum
1030 330 1123 357 cum
1148 315 1306 358 Graecis
1355 311 1358 355 Ϊ

141 382 341 425 institutis
368 382 601 431 concordat,
623 391 815 424 neutrum
848 383 901 425 ab
931 384 981 426 iis
1011 384 1181 426 omnino
1207 382 1306 424 alie·
1355 383 1358 408 ἶ

142 464 243 491 num
282 452 356 491 Est.
431 448 539 490 Nam
579 449 611 491 si
650 465 675 491 a
715 450 874 492 Graecis
912 450 1206 492 certaminibus
1243 463 1307 490 se·

135 516 323 572 junxeris
356 515 462 557 illud
495 516 607 572 quod
641 531 861 559 commune
896 532 991 559 cum
1027 515 1307 571 relligionibus

142 582 375 631 habuerint,
393 581 470 624 hoc
489 583 587 626 vero
608 598 810 640 nusquam
831 584 939 639 apud
962 584 1170 625 Romanos
1189 581 1307 624 ludos

142 650 546 692 occurrit—restabit
573 651 669 692 eum
693 652 924 706 juventutis
949 651 1188 693 erudiendae
1217 659 1306 692 tum

143 724 419 773 spectatorum
467 716 804 758 delectandorum
855 717 977 759 notio.
1051 717 1159 759 Cam
1210 715 1308 757 vero

143 785 254 840 apud
285 785 456 826 Graecos
485 785 581 825 satis
614 784 756 839 gloriae
791 784 959 840 adipisci
994 793 1129 840 posset
1166 783 1200 824 is
1237 782 1308 839 qui

146 852 246 893 nihil
281 859 396 892 extra
426 851 543 892 ludos
573 852 828 907 suscepisset,
863 866 1121 908 nequaquam
1157 851 1309 906 primas

143 918 375 975 respublica
406 918 632 959 obtinebat.
696 918 819 973 Apud
844 920 1052 959 Romanos
1071 926 1209 959 autem
1240 932 1310 958 ne-

143 1001 225 1043 que
258 986 420 1027 theatra
458 985 507 1026 ad
549 985 847 1040 rempublicam
878 999 1013 1041 neque
1045 987 1227 1040 Campus
1257 984 1309 1024 ad

103 1071 109 1078 ·
143 1053 355 1109 spectandi
393 1051 646 1107 voluptatem
688 1051 953 1094 referebatur.
1038 1051 1205 1093 Scilicet
1245 1050 1310 1091 hic

144 1119 310 1169 civium,
345 1119 417 1160 illa
450 1118 759 1174 peregrinorum
794 1133 842 1159 ac
878 1132 1099 1159 servorum.
1163 1117 1310 1173 Neque

142 1186 289 1227 iisdem
310 1184 575 1226 commodum
595 1198 683 1226 esse
712 1184 928 1226 videbatur
945 1183 1003 1225 ita
1023 1183 1311 1226 meditationes

144 1269 279 1296 meras
312 1267 360 1294 ac
391 1252 645 1308 prolusiones
675 1251 855 1308 praemiis
883 1251 1058 1301 afficere,
1090 1259 1136 1292 ut
1169 1251 1311 1293 adulto

143 1322 294 1378 cuique
314 1321 417 1362 citra
435 1319 568 1362 officia
587 1320 683 1361 vere
708 1319 844 1361 civilia
870 1319 1046 1360 multum
1075 1318 1311 1360 ambitionis

143 1388 343 1444 pabulum
363 1395 481 1429 esset.
533 1387 948 1428 Commemorabatur
968 1400 1090 1427 nemo
1110 1385 1206 1442 quia
1219 1386 1308 1440 jam

142 1455 292 1497 nobilis
320 1454 476 1496 athleta
506 1462 625 1504 esset,
653 1454 726 1496 sed
755 1454 852 1510 quia
880 1462 1071 1495 strenuus
1102 1452 1220 1494 miles
1249 1452 1313 1493 fu-

143 1530 260 1564 turus
279 1535 366 1565 esse
386 1520 607 1572 videretur.
669 1520 871 1562 lrrisionis
891 1520 1002 1561 enim
1022 1520 1146 1575 plena
1164 1519 1241 1561 ista

419 1629 583 1664 luctamur
598 1630 739 1664 Achivis
756 1630 885 1664 doctius
900 1630 1019 1663 unctis.

143 1730 221 1772 ista
240 1735 381 1771 autem
400 1727 695 1783 objurgationis

282 1840 440 1874 Rusticus
453 1839 512 1874 ille
528 1843 605 1874 tuus
620 1840 723 1874 sumit
738 1839 955 1887 trechedipna
971 1841 1113 1881 Quirine

283 1897 330 1931 Et
344 1897 544 1931 ceromatico
558 1896 625 1931 fert
639 1897 801 1931 niceteria
816 1896 911 1931 eollo.

147 2001 186 2041 A
210 1999 414 2054 juvenum
441 1998 566 2053 igitur
592 1997 952 2040 exercitationibus
986 1997 1162 2039 Romani
1186 1997 1310 2039 simul

146 2066 280 2108 caedes
305 2080 354 2108 ac
382 2065 567 2117 vulnera,
596 2064 719 2106 simul
747 2064 871 2107 inane
891 2064 1047 2106 circum
1075 2063 1310 2106 rudimenta

145 2134 232 2190 ipsa
257 2133 453 2184 studium,
475 2131 733 2187 ablegabant.
796 2132 990 2189 Denique
1018 2131 1174 2174 civibus
1201 2131 1309 2174 cives
