1358 2470
70 322 95 358 J
97 333 158 358 am
169 321 267 369 leges
280 319 479 367 relligionis
490 319 670 354 radicibus
680 318 900 365 quibusdam
912 317 1033 363 inniti,
1044 318 1156 353 etiam

25 379 57 427 si
68 379 170 415 nulla
185 378 320 414 indicia
336 378 529 424 supersint,
547 377 705 412 civitatis
721 381 846 412 tamen
864 377 1019 412 formam
1036 376 1155 413 consi-

22 428 167 474 deranti
200 435 306 472 facile
337 436 560 471 credendum
586 439 651 470 est.
704 434 804 470 Hinc
829 434 992 470 Termini
1021 435 1155 480 cultusj

12 494 109 531 hinc
124 494 305 530 fetialium
319 493 546 537 ceremoniae,
558 493 643 528 hinc
658 493 776 528 omnis
787 492 850 528 illa
862 492 1154 540 agrimensorum

14 543 227 598 disciplina.
279 552 373 586 Mite
395 551 616 597 supplicium
633 551 678 586 de
701 550 930 585 debitoribus
950 554 1153 596 sumptum,

24 610 127 657 quasi
152 609 357 644 humanum
389 613 483 644 esset
512 609 632 656 magis
660 608 859 644 clementer
887 619 1009 654 agere,
1041 619 1154 654 quam

13 666 190 706 mecm-ate
209 667 271 713 jus
294 666 489 713 postulare.
540 666 600 701 Sic
626 666 706 713 ipsa
726 674 871 712 quoque
895 665 996 701 urbis
1018 666 1155 701 moenia

4 729 250 770 'sacrosancta
265 724 464 772 fingebant,
483 727 526 759 ut
545 724 705 771 patriam
726 723 922 759 defendere
942 723 1035 758 nihil
1052 723 1154 758 aliud

4 787 116 831 3esset
138 794 249 829 quam
266 794 332 828 pro
351 782 434 817 Diis
450 786 588 818 certare
603 795 612 827 ;
639 793 756 817 unum
772 781 864 816 illud
882 781 1000 816 defuit
1022 782 1152 816 Etrus-

0 832 147 885 }oorum
166 839 376 886 reipublicae
396 840 511 875 libera
533 845 643 886 atque
662 840 816 875 honesta
834 839 960 885 plebs:
984 851 1051 874 nec
1070 839 1154 874 ideo

0 887 171 943 gastrum,
215 898 246 933 si
277 898 449 933 universo
483 898 722 933 Etruscorum
758 897 897 943 populo
936 897 1154 933 debellando

0 971 13 998 ,f
22 955 109 990 urbs
129 967 205 991 una
221 955 414 991 sufficeret.
464 955 552 990 Fuit
568 960 693 991 autem
716 954 855 1000 revera,
880 955 910 989 si
932 959 1059 1002 gentes
1079 967 1154 990 non

0 1017 5 1061 ᾖ
23 1011 119 1048 locos
135 1018 327 1059 spectares,
340 1013 502 1048 Orientis
519 1024 603 1048 cum
615 1013 814 1048 Occidente
831 1018 1015 1048 certamen
1030 1024 1039 1047 :
1065 1012 1151 1048 hinc

0 1070 123 1110 enim
141 1070 261 1106 stabat
271 1071 403 1117 pudor,
419 1070 521 1106 illinc
530 1074 674 1115 metus;
695 1070 781 1106 hinc
799 1071 960 1115 libertas,
973 1070 1073 1106 illinc
1087 1071 1154 1106 do-

0 1116 9 1163 3¹:
23 1127 176 1163 minatio
199 1139 424 1174 paucorum;
451 1128 536 1163 hinc-
560 1129 755 1163 crescentis
776 1128 906 1174 populi
922 1128 1030 1174 vires,
1053 1128 1155 1164 illinc

0 1183 5 1217 ἶ
24 1183 132 1220 effeta
146 1189 307 1232 potestas
322 1185 458 1231 suaque
475 1186 590 1232 ipsius
605 1186 702 1221 mole
718 1186 906 1222 dissoluta.
935 1186 990 1221 Ea
1003 1186 1155 1221 demum

0 1242 3 1286 ξ
24 1241 146 1277 fatalis
162 1247 251 1278 aetas
267 1242 430 1277 Etruscis
446 1243 612 1278 revoluta
631 1247 696 1288 est,
716 1255 801 1279 cum
818 1255 938 1290 neque
957 1244 1154 1290 optimates

0 1294 6 1342 ἓ
24 1298 160 1346 injusta
176 1300 387 1346 reipublicae
406 1300 630 1346 possessione
645 1301 828 1346 cederent,
851 1313 919 1337 nec
934 1302 1050 1347 plebs,
1067 1301 1154 1337 satis

0 1364 5 1395 ,s
23 1355 148 1392 firmas
162 1362 271 1393 nacta
287 1357 394 1401 vires,
408 1357 645 1404 optimatium
663 1362 881 1405 potestatem
898 1365 1074 1404 evertere,
1092 1371 1154 1395 su—

0 1432 6 1445 :
24 1415 155 1461 perbos
170 1415 382 1462 reipublicae
400 1415 568 1451 dominos
585 1427 607 1451 a
623 1416 749 1463 seipsis
766 1427 979 1452 conservare
994 1422 1129 1463 posset.

73 1473 166 1513 Quae
183 1473 298 1520 igitur
320 1472 385 1508 illa
407 1473 576 1520 cognatio
600 1485 683 1520 quae
703 1475 794 1509 duos
815 1474 913 1509 inter
937 1485 974 1509 se
996 1476 1153 1521 populos

0 1534 2 1537 '
26 1529 117 1565 adeo
137 1530 315 1566 tenaciter
332 1530 472 1566 vinctos
493 1531 663 1575 tenuerit,
686 1543 768 1578 quae
790 1543 923 1577 mores,
947 1544 1031 1578 quae
1052 1534 1152 1569 relli-

0 1599 3 1614 ’-
25 1587 182 1634 gionem‚
200 1599 282 1634 quae
299 1587 467 1623 instituta
487 1589 738 1624 Romanorum
755 1590 902 1635 penitus
918 1589 1095 1636 infecerit,
1116 1596 1154 1627 et

0 1672 9 1699 5·
25 1643 65 1679 in
94 1644 263 1680 intimam
304 1646 513 1681 societatem
551 1648 810 1693 penetraverit.
861 1646 960 1682 Satis
1001 1649 1153 1694 quidem

0 1701 2 1729 Ξ
25 1706 164 1737 constat
189 1703 249 1738 vel
275 1703 321 1738 ab
345 1703 451 1739 initio
479 1704 638 1739 civitatis
664 1704 850 1740 Romanos
877 1717 963 1740 cum
990 1706 1154 1742 Etruscis

0 1756 5 1800 ἶ,
25 1762 90 1795 aut
126 1759 262 1795 foedere
300 1760 404 1806 inito,
438 1766 504 1797 aut
536 1762 661 1808 aliquo
692 1762 790 1798 certe
818 1763 928 1798 modo
960 1764 1151 1800 contineri.

0 1817 7 1866 ff
26 1816 52 1852 J
54 1828 113 1852 am
131 1817 170 1852 in
187 1818 274 1864 ipsis
291 1823 484 1865 poetarum
509 1819 654 1864 fabulis,
681 1820 887 1855 Mezentius
910 1821 1069 1857 Etruriae
1087 1833 1153 1858 rex

0 1885 3 1909 2
27 1873 103 1910 'eive
118 1878 298 1922 tyrannus
314 1875 387 1911 fert
406 1888 510 1912 arma
529 1877 692 1923 Trojanis
708 1876 852 1922 infesta,
871 1878 1011 1924 reliqua
1026 1883 1151 1915 tamen

0 1931 5 1966 ἲ
27 1931 119 1968 duce
151 1932 353 1969 Tarchonte
389 1934 600 1979 multitudo,
639 1933 714 1969 fida
748 1939 859 1981 atque
897 1935 1056 1972 socialia.
1107 1937 1153 1972 In

0 1983 10 2034 ‘5
27 1986 158 2032 quibus
174 1987 359 2034 duplicem
376 2001 499 2024 rerum
512 1988 649 2025 famam
665 1990 870 2031 notaveris,
861 2004 869 2011 ·
899 1990 1051 2026 alteram
1069 2004 1153 2037 quae

0 2039 7 2071 3
27 2042 234 2080 inimicitias
263 2045 463 2081 Veientum
486 2051 524 2082 et
548 2046 661 2094 prope
687 2047 860 2083 continua
892 2048 990 2083 bella
1021 2049 1153 2084 adum-

0 2079 14 2144 ἰ
27 2098 167 2147 braret3
199 2102 351 2139 alteram
383 2115 466 2150 quae
495 2108 657 2140 veterem
687 2105 910 2152 populorum
943 2106 1153 2142 societatem

0 2155 6 2201 ξ
28 2156 120 2194 clare
135 2159 368 2206 exprimeret.
413 2161 562 2197 Etenim
573 2166 616 2198 ut
629 2173 686 2198 res
701 2162 798 2209 ipsas
812 2163 861 2199 sic
874 2163 986 2199 etiam
1004 2164 1154 2200 nomina
