1358 2470
103 261 127 298 8
323 271 541 297 mammem
565 270 698 296 ΡοΜΡΑ
718 269 826 296 APUD
850 269 1056 296 Rommos.

105 378 255 415 Enitet:
286 378 459 414 Emathio
478 385 617 414 tantum
639 377 683 413 de
700 389 803 414 more
821 377 1013 426 recingunt

103 445 233 482 Vincla
249 444 382 495 pedes3
409 445 569 481 humeris
588 454 665 481 ater
682 444 863 494 dependet
879 445 1047 481 amictus.

106 513 179 550 Sed
197 513 354 563 gemitus
371 513 466 549 circa
483 513 672 555 comitum,
691 511 753 549 sed
770 512 910 549 lumina
926 512 964 548 in
983 525 1097 549 unum

106 582 302 625 Conversa,
321 590 357 618 et
372 581 495 618 moesti
513 581 622 618 tacita
639 580 866 617 observantia
882 579 1006 616 vultus

105 649 297 700 Significat
318 650 484 699 Regem3
510 661 631 699 neque
649 649 747 684 enim
766 661 833 684 sua
852 649 994 686 vincula
1010 649 1130 698 plorat

105 718 136 755 F
138 718 199 755 ida
216 719 368 764 cohors3
395 718 471 767 regi
489 717 665 766 invigilat,
683 716 759 766 regi
778 716 946 753 imminet
963 716 1096 759 omnis,

106 786 209 823 Huic
229 787 343 829 timet,
362 785 448 822 huic
462 785 571 834 longo
589 784 690 821 ducit
707 784 861 834 suspiria
878 784 992 820 luctu.

153 854 176 891 J
181 866 312 903 amque
319 854 397 903 ipse
406 860 487 890 ante
496 852 632 895 oculos,
642 865 752 903 quem
761 852 876 902 plebs,
885 864 995 902 quem
1006 852 1125 888 Roma
1131 852 1277 895 salutat,

105 922 301 972 Factaque,
319 921 590 972 fortunamque,
607 928 644 957 et
661 920 786 957 laudes
804 921 963 957 nubibus
981 933 1144 970 aequans,

103 990 245 1028 Consul
263 990 557 1027 adest—Paeana
575 997 722 1026 canunt.
778 988 874 1024 Proh
893 995 1040 1038 pectora
1058 987 1190 1024 frustra

103 1057 218 1094 Caeca
234 1056 445 1094 hominum!
490 1057 742 1106 Pompamque
756 1056 850 1092 inter
862 1055 1087 1106 plaususque
1099 1053 1276 1092 secundos

104 1126 208 1163 Dum
227 1133 362 1176 stupet,
381 1133 417 1162 et
435 1125 582 1162 simulat
601 1131 789 1174 composto
808 1123 943 1173 gaudia
961 1123 1075 1168 vultu,

102 1193 226 1231 Corda
244 1193 347 1230 dolor
364 1194 496 1244 premit
514 1194 612 1230 intus
630 1205 755 1242 agens.
809 1191 911 1234 Quid
931 1192 1054 1229 laurea
1073 1191 1232 1236 tandem,

102 1261 204 1304 Quid
223 1274 349 1298 currus
366 1270 429 1299 aut
447 1270 590 1311 sceptra
601 1259 760 1308 juvant?
789 1259 880 1310 quid
899 1260 1005 1296 turba
1024 1258 1210 1296 faventum

104 1330 278 1374 Plurima,
298 1331 327 1367 si
347 1330 477 1367 feretro
496 1329 680 1372 indormit,
698 1328 815 1378 magis
835 1328 1005 1364 omnibus
1024 1340 1139 1364 unum

102 1399 225 1440 Quem
245 1405 347 1449 pater
364 1406 524 1448 optasset
542 1398 736 1443 comitem3
764 1396 828 1446 qui
845 1396 985 1445 primus
1004 1396 1123 1432 amica

101 1466 198 1503 Voce
218 1466 328 1503 decus
345 1466 516 1516 patrium,
535 1472 572 1502 et
588 1465 717 1514 plenos
735 1463 938 1501 celebrarat
955 1464 1112 1500 honores
1124 1463 1162 1500 ΡΒ

102 1532 217 1571 Parce
236 1541 357 1571 tamen
377 1534 510 1576 flendo,
528 1542 638 1583 atque
656 1532 823 1582 ingentes
841 1532 1041 1582 comprime
1059 1532 1201 1578 luctus;

101 1603 140 1640 N
143 1615 203 1639 am
222 1602 325 1640 lateri
342 1603 410 1639 tibi
428 1614 553 1651 sospes
570 1601 685 1644 adest,
703 1601 769 1651 qui
787 1601 934 1637 nomine
954 1612 1167 1651 quanquam

141 1790 156 1812 2
178 1789 201 1808 ‘⁴
219 1789 295 1821 Non
312 1789 448 1820 Perseus
461 1792 585 1820 tantum
600 1799 656 1830 per
670 1789 740 1821 illos
755 1790 821 1821 dies
835 1790 1055 1821 documentum
1068 1790 1276 1820 humanorum

100 1851 231 1872 casuum
240 1841 311 1881 fuit,
322 1841 354 1871 in
366 1841 487 1872 catenis
498 1845 571 1871 ante
583 1851 706 1872 currum
717 1841 845 1873 victoris
856 1842 944 1873 ducis
955 1852 1010 1882 per
1020 1842 1128 1873 urbem
1138 1841 1277 1873 hostium

99 1894 231 1932 duetus3
254 1893 310 1924 sed
323 1893 421 1924 etiam
435 1894 534 1924 victor
550 1893 694 1934 Pau11us,
710 1904 786 1925 auro
799 1894 996 1936 purpuraque
1009 1894 1143 1935 fulgens.
1186 1895 1278 1926 Nam

100 1946 219 1978 duobus
241 1956 259 1977 e
280 1946 368 1987 filiis,
391 1956 479 1987 quos,
502 1946 621 1978 duobus
643 1947 724 1978 datis
746 1948 779 1978 in
802 1948 1011 1989 adoptionem,
1026 1948 1108 1979 solos
1129 1948 1276 1987 nominis,

100 2009 273 2039 sacrorum,
310 1999 500 2040 familiaeque
535 1999 674 2031 haeredes
706 2001 879 2032 retinuerat
912 2001 1008 2042 domi,
1036 2001 1150 2042 minor,
1178 2001 1276 2031 ferme

100 2051 264 2082 duodecim
285 2060 383 2081 annos
405 2054 511 2092 natus,
534 2052 670 2092 quinque
693 2051 802 2083 (liebus
832 2057 906 2084 ante
933 2053 1140 2094 triumphum,
1161 2053 1275 2094 major,

100 2103 337 2145 quatuordecim
373 2113 537 2145 annorum,
565 2104 667 2135 triduo
696 2109 767 2146 post
794 2105 986 2147 triumphum
1015 2105 1166 2137 decessit:
1199 2115 1276 2146 quos

99 2161 306 2198 praetextatos
320 2166 413 2187 curru
427 2157 496 2187 vehi
512 2167 583 2188 cum
598 2161 699 2198 patre,
711 2158 770 2188 sibi
785 2158 867 2199 ipsos
882 2158 1002 2190 similes
1016 2158 1276 2199 praedestinatos

100 2209 285 2251 triumphos,
300 2209 515 2250 oportuerat.''
557 2209 626 2240 Liv.
643 2209 709 2240 xlv.
724 2220 752 2241 c.
767 2212 820 2241 40.
