1422 2476
647 178 675 222 7

64 325 135 366 Ille
157 322 270 376 jubet
288 323 390 360 certo
408 318 544 371 partiri
560 317 686 356 limite
711 328 907 368 campum,

65 411 136 452 Ille
155 411 238 450 olea
251 413 290 449 et
309 406 448 460 pingui
466 406 586 445 clivos
603 405 744 444 vestire
764 403 901 455 Lyaeo,

6 526 13 539 2
64 498 118 537 Et
135 508 315 549 pecorum
334 506 444 532 curas
463 496 641 544 artesque
660 490 810 530 inducit
828 491 1010 542 agrestes.

67 584 190 622 Versa
206 582 279 620 loci
295 580 411 619 facies
427 595 435 618 :
464 591 584 633 regna
601 578 702 616 inter
720 575 827 615 avita
838 576 1019 621 ferarum,

69 669 220 721 Raptor
232 666 301 706 ubi
318 667 458 706 infesta
477 678 599 716 nuper
617 662 801 702 tendebat
818 662 861 701 in
879 661 1031 709 umbra,

70 755 206 795 Undat
220 753 349 805 aprica
366 765 487 804 seges,
502 750 629 789 rident
642 750 819 789 intersita
838 748 966 788 dumis

73 842 237 887 Pascua,
256 838 473 891 pampineis
484 836 653 890 magalia
668 836 829 875 collibus
847 836 993 875 albent.

73 929 234 969 Foedera
253 934 337 967 tum
357 925 474 965 cultae
492 926 654 964 veniunt
668 923 799 963 civilia
817 924 925 973 vitae,

1 1050 3 1053 .
74 1013 173 1053 Tum
193 1013 274 1052 sine
286 1012 373 1051 labe
391 1011 500 1060 fides,
520 1014 558 1050 et
576 1024 728 1049 morum
747 1010 874 1064 gratia
891 1010 1071 1062 simplex.

77 1100 170 1138 Vim
188 1100 308 1138 fasces
327 1098 521 1146 domuere,
539 1095 679 1135 mansis
696 1097 760 1135 lex
780 1109 895 1149 aequa
911 1097 1081 1136 furorem

79 1186 240 1227 Ultricis
258 1185 423 1232 cohibet,
441 1184 663 1237 taedamque
684 1183 930 1235 Hymenaeus
947 1184 1151 1223 honestam

81 1273 248 1321 Extulit,
268 1275 307 1311 et
326 1272 419 1310 certi
434 1274 595 1310 nectunt
609 1284 679 1310 sua
697 1272 825 1310 vincla
842 1275 1013 1322 penates.

135 1446 299 1498 Aspice!
329 1459 398 1497 per
415 1445 537 1484 flavos
555 1446 763 1498 tranquillo
780 1458 936 1497 vespere
951 1458 1120 1496 campos,

82 1530 350 1583 Fluminaque,
371 1533 410 1569 et
429 1530 586 1568 densam
605 1530 717 1569 tectis
736 1530 989 1569 candentibus
1006 1530 1143 1570 urbem

84 1617 282 1667 Fluctuat,
296 1631 338 1656 ac
357 1617 540 1656 tremulas
557 1617 686 1670 pingit
704 1617 774 1655 lux
793 1616 945 1656 daedala
956 1616 1088 1657 silvas.

85 1703 125 1742 It
143 1703 239 1742 coelo
257 1702 417 1753 placidis
434 1702 602 1742 laetabile
620 1716 797 1742 murmur
810 1704 859 1742 ab
873 1703 991 1746 arvis.

87 1789 236 1828 Fistula
250 1788 297 1827 de
312 1792 425 1840 pastu
446 1788 622 1828 cedentes
642 1789 796 1841 agmine
814 1790 919 1828 lento

89 1875 236 1915 Mulcet
247 1888 350 1923 oves,
369 1888 479 1914 verso
498 1875 649 1914 sulcum
668 1875 737 1914 bos
756 1875 899 1928 linquit
923 1882 1062 1926 aratro,

90 1958 357 2012 villarumque
375 1963 506 1999 rotant
524 1960 738 1999 undantem
756 1961 928 2001 culmina
944 1963 1110 2003 fumum.

92 2043 273 2097 Undique
286 2045 385 2085 ruris
407 2058 510 2097 opeS,
530 2045 751 2098 sinceraque
771 2046 876 2098 pacis
895 2046 1038 2101 imago.
