<?xml version="1.0" encoding="UTF-8"?>
<!DOCTYPE html PUBLIC "-//W3C//DTD XHTML 1.0 Transitional//EN"
    "http://www.w3.org/TR/xhtml1/DTD/xhtml1-transitional.dtd">
<html xmlns="http://www.w3.org/1999/xhtml" xml:lang="en" lang="en">
 <head>
  <title>
</title>
<meta http-equiv="Content-Type" content="text/html;charset=utf-8" />
  <meta name='ocr-system' content='tesseract 3.04.00' />
  <meta name='ocr-capabilities' content='ocr_page ocr_carea ocr_par ocr_line ocrx_word'/>
</head>
<body>
  <div class='ocr_page' id='page_1' title='image "./oxoniensa00oxonuoft_0092.png"; bbox 0 0 1358 2470; ppageno 0'>
   <div class='ocr_carea' id='block_1_1' title="bbox 168 216 1262 275">
    <p class='ocr_par' dir='ltr' id='par_1_1' title="bbox 168 216 1262 275">
     <span class='ocr_line' id='line_1_1' title="bbox 168 216 1262 275; baseline 0.006 -7"><span class='ocrx_word' id='word_1_1' title='bbox 168 216 225 268; x_wconf 61' lang='lat'><strong>1¹1⁵</strong></span> <span class='ocrx_word' id='word_1_2' title='bbox 275 240 468 273; x_wconf 75' lang='lat' dir='ltr'><strong>QUAENAM</strong></span> <span class='ocrx_word' id='word_1_3' title='bbox 490 240 650 270; x_wconf 67' lang='lat' dir='ltr'>1²11ssan</span> <span class='ocrx_word' id='word_1_4' title='bbox 670 241 962 272; x_wconf 75' lang='lat' dir='ltr'>CERTAMINUM</span> <span class='ocrx_word' id='word_1_5' title='bbox 983 244 1262 275; x_wconf 84' lang='lat' dir='ltr'>PUBLICORUM</span> 
     </span>
    </p>
   </div>
   <div class='ocr_carea' id='block_1_2' title="bbox 151 337 1350 1812">
    <p class='ocr_par' dir='ltr' id='par_1_2' title="bbox 159 337 1350 530">
     <span class='ocr_line' id='line_1_2' title="bbox 161 337 1321 398; baseline 0.008 -20"><span class='ocrx_word' id='word_1_6' title='bbox 161 337 204 379; x_wconf 90' lang='lat' dir='ltr'><strong>hi</strong></span> <span class='ocrx_word' id='word_1_7' title='bbox 242 344 367 394; x_wconf 83' lang='lat' dir='ltr'><strong>atque</strong></span> <span class='ocrx_word' id='word_1_8' title='bbox 405 338 489 380; x_wconf 85' lang='lat' dir='ltr'><strong>illae</strong></span> <span class='ocrx_word' id='word_1_9' title='bbox 527 339 738 395; x_wconf 81' lang='lat' dir='ltr'><strong>spectandi</strong></span> <span class='ocrx_word' id='word_1_10' title='bbox 755 341 982 398; x_wconf 83' lang='lat' dir='ltr'><strong>’voluptate</strong></span> <span class='ocrx_word' id='word_1_11' title='bbox 1021 343 1321 387; x_wconf 80' lang='lat' dir='ltr'><strong>contineantur.</strong></span> 
     </span>
     <span class='ocr_line' id='line_1_3' title="bbox 161 405 1350 467; baseline 0.007 -20"><span class='ocrx_word' id='word_1_12' title='bbox 161 406 320 448; x_wconf 67' lang='lat' dir='ltr'><strong>Verum</strong></span> <span class='ocrx_word' id='word_1_13' title='bbox 339 406 392 448; x_wconf 84' lang='lat' dir='ltr'><strong>ad</strong></span> <span class='ocrx_word' id='word_1_14' title='bbox 412 406 581 462; x_wconf 84' lang='lat' dir='ltr'><strong>hujusce</strong></span> <span class='ocrx_word' id='word_1_15' title='bbox 600 408 907 465; x_wconf 68' lang='lat' dir='ltr'><strong>disputationis·¹</strong></span> <span class='ocrx_word' id='word_1_16' title='bbox 925 418 1048 467; x_wconf 85' lang='lat' dir='ltr'><strong>caput</strong></span> <span class='ocrx_word' id='word_1_17' title='bbox 1067 426 1323 455; x_wconf 79' lang='lat' dir='ltr'><strong>recurramus</strong></span> <span class='ocrx_word' id='word_1_18' title='bbox 1348 405 1350 407; x_wconf 36' lang='grc'><strong><em>’</em></strong></span> 
     </span>
     <span class='ocr_line' id='line_1_4' title="bbox 159 481 334 530; baseline 0.006 -14"><span class='ocrx_word' id='word_1_19' title='bbox 159 481 334 530; x_wconf 88' lang='lat' dir='ltr'><strong>oportet.</strong></span> 
     </span>
    </p>

    <p class='ocr_par' dir='ltr' id='par_1_3' title="bbox 151 542 1323 1812">
     <span class='ocr_line' id='line_1_5' title="bbox 219 542 1323 600; baseline 0.005 -16"><span class='ocrx_word' id='word_1_20' title='bbox 219 543 282 597; x_wconf 88' lang='grc' dir='ltr'><strong>(β)</strong></span> <span class='ocrx_word' id='word_1_21' title='bbox 302 542 588 585; x_wconf 84' lang='lat' dir='ltr'><strong>Dubitabatur</strong></span> <span class='ocrx_word' id='word_1_22' title='bbox 602 542 798 585; x_wconf 88' lang='lat' dir='ltr'><strong>nimirum</strong></span> <span class='ocrx_word' id='word_1_23' title='bbox 813 543 1036 600; x_wconf 85' lang='lat' dir='ltr'><strong>aliquando</strong></span> <span class='ocrx_word' id='word_1_24' title='bbox 1051 549 1216 589; x_wconf 74' lang='lat' dir='ltr'><strong>rectene</strong></span> <span class='ocrx_word' id='word_1_25' title='bbox 1235 560 1323 588; x_wconf 91' lang='lat' dir='ltr'><strong>om·</strong></span> 
     </span>
     <span class='ocr_line' id='line_1_6' title="bbox 158 609 1321 666; baseline 0.004 -16"><span class='ocrx_word' id='word_1_26' title='bbox 158 609 259 652; x_wconf 74' lang='lat' dir='ltr'><strong>nino</strong></span> <span class='ocrx_word' id='word_1_27' title='bbox 287 609 592 666; x_wconf 80' lang='lat' dir='ltr'><strong>gymnasiorum</strong></span> <span class='ocrx_word' id='word_1_28' title='bbox 620 609 711 651; x_wconf 85' lang='lat' dir='ltr'><strong>finis</strong></span> <span class='ocrx_word' id='word_1_29' title='bbox 741 610 885 652; x_wconf 89' lang='lat' dir='ltr'><strong>unicus</strong></span> <span class='ocrx_word' id='word_1_30' title='bbox 914 610 1073 653; x_wconf 84' lang='lat' dir='ltr'><strong>bellum</strong></span> <span class='ocrx_word' id='word_1_31' title='bbox 1103 612 1321 656; x_wconf 86' lang='lat' dir='ltr'><strong>diceretur.</strong></span> 
     </span>
     <span class='ocr_line' id='line_1_7' title="bbox 159 676 1322 736; baseline 0.003 -18"><span class='ocrx_word' id='word_1_32' title='bbox 159 676 385 719; x_wconf 71' lang='lat' dir='ltr'><strong>Enimvero</strong></span> <span class='ocrx_word' id='word_1_33' title='bbox 418 676 628 726; x_wconf 83' lang='lat' dir='ltr'><strong>fortitudo,</strong></span> <span class='ocrx_word' id='word_1_34' title='bbox 658 691 753 734; x_wconf 86' lang='lat' dir='ltr'><strong>quae</strong></span> <span class='ocrx_word' id='word_1_35' title='bbox 787 676 875 719; x_wconf 85' lang='lat' dir='ltr'><strong>sine</strong></span> <span class='ocrx_word' id='word_1_36' title='bbox 909 678 1107 734; x_wconf 59' lang='lat' dir='ltr'><strong>corpore&amp;</strong></span> <span class='ocrx_word' id='word_1_37' title='bbox 1137 676 1322 736; x_wconf 52' lang='lat' dir='ltr'><strong>quddam</strong></span> 
     </span>
     <span class='ocr_line' id='line_1_8' title="bbox 157 744 1323 802; baseline 0.003 -16"><span class='ocrx_word' id='word_1_38' title='bbox 157 744 370 802; x_wconf 54' lang='lat' dir='ltr'><strong>disciplina</strong></span> <span class='ocrx_word' id='word_1_39' title='bbox 405 745 521 787; x_wconf 84' lang='lat' dir='ltr'><strong>nulla</strong></span> <span class='ocrx_word' id='word_1_40' title='bbox 550 760 637 787; x_wconf 84' lang='lat' dir='ltr'><strong>esse</strong></span> <span class='ocrx_word' id='word_1_41' title='bbox 671 751 819 801; x_wconf 86' lang='lat' dir='ltr'><strong>potest,</strong></span> <span class='ocrx_word' id='word_1_42' title='bbox 855 745 954 787; x_wconf 84' lang='lat' dir='ltr'><strong>alibi</strong></span> <span class='ocrx_word' id='word_1_43' title='bbox 991 746 1119 802; x_wconf 49' lang='lat' dir='ltr'><strong>quem</strong></span> <span class='ocrx_word' id='word_1_44' title='bbox 1157 748 1323 790; x_wconf 76' lang='lat' dir='ltr'><strong>militiae</strong></span> 
     </span>
     <span class='ocr_line' id='line_1_9' title="bbox 157 812 1323 869; baseline 0.003 -15"><span class='ocrx_word' id='word_1_45' title='bbox 157 813 350 856; x_wconf 87' lang='lat' dir='ltr'><strong>cernitur.</strong></span> <span class='ocrx_word' id='word_1_46' title='bbox 414 812 566 854; x_wconf 86' lang='lat' dir='ltr'><strong>Multae</strong></span> <span class='ocrx_word' id='word_1_47' title='bbox 600 812 711 854; x_wconf 87' lang='lat' dir='ltr'><strong>enim</strong></span> <span class='ocrx_word' id='word_1_48' title='bbox 750 812 947 854; x_wconf 89' lang='lat' dir='ltr'><strong>virtutum</strong></span> <span class='ocrx_word' id='word_1_49' title='bbox 987 814 1143 869; x_wconf 87' lang='lat' dir='ltr'><strong>species</strong></span> <span class='ocrx_word' id='word_1_50' title='bbox 1183 829 1235 857; x_wconf 84' lang='lat' dir='ltr'><strong>ex</strong></span> <span class='ocrx_word' id='word_1_51' title='bbox 1272 819 1323 858; x_wconf 68' lang='lat' dir='ltr'><strong>ea</strong></span> 
     </span>
     <span class='ocr_line' id='line_1_10' title="bbox 156 878 1323 936; baseline 0.003 -16"><span class='ocrx_word' id='word_1_52' title='bbox 156 879 284 921; x_wconf 82' lang='lat' dir='ltr'><strong>animi</strong></span> <span class='ocrx_word' id='word_1_53' title='bbox 331 878 502 921; x_wconf 89' lang='lat' dir='ltr'><strong>humani</strong></span> <span class='ocrx_word' id='word_1_54' title='bbox 550 886 667 935; x_wconf 83' lang='lat' dir='ltr'><strong>parte</strong></span> <span class='ocrx_word' id='word_1_55' title='bbox 715 893 841 936; x_wconf 86' lang='lat' dir='ltr'><strong>quam</strong></span> <span class='ocrx_word' id='word_1_56' title='bbox 891 880 1032 922; x_wconf 81' lang='lat' dir='ltr'><strong>Graeci</strong></span> <span class='ocrx_word' id='word_1_57' title='bbox 1081 881 1198 935; x_wconf 79' lang='grc' dir='ltr'><em>θύμον,</em></span> <span class='ocrx_word' id='word_1_58' title='bbox 1249 897 1323 925; x_wconf 81' lang='lat' dir='ltr'><strong>nos</strong></span> 
     </span>
     <span class='ocr_line' id='line_1_11' title="bbox 156 949 1323 1005; baseline 0.003 -15"><span class='ocrx_word' id='word_1_59' title='bbox 156 949 345 1004; x_wconf 89' lang='lat' dir='ltr'><strong>spiritum</strong></span> <span class='ocrx_word' id='word_1_60' title='bbox 406 963 710 1004; x_wconf 83' lang='lat' dir='ltr'><strong>nuncupamus,</strong></span> <span class='ocrx_word' id='word_1_61' title='bbox 766 949 989 1005; x_wconf 86' lang='lat' dir='ltr'><strong>profluunt.</strong></span> <span class='ocrx_word' id='word_1_62' title='bbox 1079 951 1323 994; x_wconf 80' lang='lat' dir='ltr'><strong>Aristoteles</strong></span> 
     </span>
     <span class='ocr_line' id='line_1_12' title="bbox 155 1014 1319 1071; baseline 0.003 -15"><span class='ocrx_word' id='word_1_63' title='bbox 155 1015 303 1056; x_wconf 78' lang='lat' dir='ltr'><strong>etiam⁰</strong></span> <span class='ocrx_word' id='word_1_64' title='bbox 321 1014 716 1071; x_wconf 86' lang='lat' dir='ltr'><strong>amicitiam—quod</strong></span> <span class='ocrx_word' id='word_1_65' title='bbox 741 1015 931 1057; x_wconf 86' lang='lat' dir='ltr'><strong>subtilius</strong></span> <span class='ocrx_word' id='word_1_66' title='bbox 949 1015 1319 1060; x_wconf 75' lang='lat' dir='ltr'><strong>videtur—eodem</strong></span> 
     </span>
     <span class='ocr_line' id='line_1_13' title="bbox 155 1081 1322 1138; baseline 0.004 -16"><span class='ocrx_word' id='word_1_67' title='bbox 155 1081 292 1123; x_wconf 82' lang='lat' dir='ltr'><strong>refert.</strong></span> <span class='ocrx_word' id='word_1_68' title='bbox 372 1082 487 1130; x_wconf 88' lang='lat' dir='ltr'><strong>Quin</strong></span> <span class='ocrx_word' id='word_1_69' title='bbox 526 1097 576 1124; x_wconf 87' lang='lat' dir='ltr'><strong>ea</strong></span> <span class='ocrx_word' id='word_1_70' title='bbox 615 1081 784 1138; x_wconf 89' lang='lat' dir='ltr'><strong>quidem</strong></span> <span class='ocrx_word' id='word_1_71' title='bbox 823 1082 866 1124; x_wconf 90' lang='lat' dir='ltr'><strong>in</strong></span> <span class='ocrx_word' id='word_1_72' title='bbox 904 1097 1057 1138; x_wconf 84' lang='lat' dir='ltr'><strong>genere</strong></span> <span class='ocrx_word' id='word_1_73' title='bbox 1102 1084 1322 1128; x_wconf 87' lang='lat' dir='ltr'><strong>virtutibus</strong></span> 
     </span>
     <span class='ocr_line' id='line_1_14' title="bbox 153 1148 1320 1205; baseline 0.003 -15"><span class='ocrx_word' id='word_1_74' title='bbox 153 1148 346 1190; x_wconf 88' lang='lat' dir='ltr'><strong>omnibus</strong></span> <span class='ocrx_word' id='word_1_75' title='bbox 380 1148 496 1205; x_wconf 83' lang='lat' dir='ltr'><strong>quasi</strong></span> <span class='ocrx_word' id='word_1_76' title='bbox 530 1163 676 1190; x_wconf 84' lang='lat' dir='ltr'><strong>nervos</strong></span> <span class='ocrx_word' id='word_1_77' title='bbox 710 1156 754 1190; x_wconf 90' lang='lat' dir='ltr'><strong>et</strong></span> <span class='ocrx_word' id='word_1_78' title='bbox 785 1149 968 1204; x_wconf 85' lang='lat' dir='ltr'><strong>vigorem</strong></span> <span class='ocrx_word' id='word_1_79' title='bbox 1008 1157 1051 1192; x_wconf 89' lang='lat' dir='ltr'><strong>et</strong></span> <span class='ocrx_word' id='word_1_80' title='bbox 1083 1151 1320 1195; x_wconf 82' lang='lat' dir='ltr'><strong>virilitatem</strong></span> 
     </span>
     <span class='ocr_line' id='line_1_15' title="bbox 153 1216 1320 1273; baseline 0.003 -15"><span class='ocrx_word' id='word_1_81' title='bbox 153 1216 400 1272; x_wconf 88' lang='lat' dir='ltr'><strong>suppeditat.</strong></span> <span class='ocrx_word' id='word_1_82' title='bbox 481 1216 575 1258; x_wconf 91' lang='lat' dir='ltr'><strong>Hoc</strong></span> <span class='ocrx_word' id='word_1_83' title='bbox 623 1216 750 1271; x_wconf 89' lang='lat' dir='ltr'><strong>igitur</strong></span> <span class='ocrx_word' id='word_1_84' title='bbox 796 1217 1084 1273; x_wconf 81' lang='lat' dir='ltr'><strong>adjumentum</strong></span> <span class='ocrx_word' id='word_1_85' title='bbox 1133 1219 1320 1262; x_wconf 84' lang='lat' dir='ltr'><strong>excolere</strong></span> 
     </span>
     <span class='ocr_line' id='line_1_16' title="bbox 152 1282 1322 1341; baseline 0.003 -17"><span class='ocrx_word' id='word_1_86' title='bbox 152 1297 236 1324; x_wconf 91' lang='lat' dir='ltr'><strong>non</strong></span> <span class='ocrx_word' id='word_1_87' title='bbox 270 1282 395 1325; x_wconf 78' lang='lat' dir='ltr'><strong>modo</strong></span> <span class='ocrx_word' id='word_1_88' title='bbox 428 1282 605 1333; x_wconf 73' lang='lat' dir='ltr'><strong>bellicae,</strong></span> <span class='ocrx_word' id='word_1_89' title='bbox 635 1285 779 1326; x_wconf 73' lang='lat' dir='ltr'><strong>verum</strong></span> <span class='ocrx_word' id='word_1_90' title='bbox 815 1283 942 1325; x_wconf 87' lang='lat' dir='ltr'><strong>etiam</strong></span> <span class='ocrx_word' id='word_1_91' title='bbox 979 1290 1131 1339; x_wconf 87' lang='lat' dir='ltr'><strong>togatae</strong></span> <span class='ocrx_word' id='word_1_92' title='bbox 1165 1287 1231 1341; x_wconf 90' lang='lat' dir='ltr'><strong>(ut</strong></span> <span class='ocrx_word' id='word_1_93' title='bbox 1263 1286 1322 1329; x_wconf 80' lang='lat' dir='ltr'><strong>ita</strong></span> 
     </span>
     <span class='ocr_line' id='line_1_17' title="bbox 152 1349 1322 1410; baseline 0.003 -19"><span class='ocrx_word' id='word_1_94' title='bbox 152 1349 303 1404; x_wconf 84' lang='lat' dir='ltr'><strong>dicam)</strong></span> <span class='ocrx_word' id='word_1_95' title='bbox 325 1349 486 1392; x_wconf 83' lang='lat' dir='ltr'><strong>virtutis</strong></span> <span class='ocrx_word' id='word_1_96' title='bbox 507 1349 688 1392; x_wconf 84' lang='lat' dir='ltr'><strong>interest.</strong></span> <span class='ocrx_word' id='word_1_97' title='bbox 749 1351 1033 1399; x_wconf 85' lang='lat' dir='ltr'><strong>Quamobrem</strong></span> <span class='ocrx_word' id='word_1_98' title='bbox 1054 1351 1181 1394; x_wconf 89' lang='lat' dir='ltr'><strong>miror</strong></span> <span class='ocrx_word' id='word_1_99' title='bbox 1203 1353 1322 1410; x_wconf 87' lang='lat' dir='ltr'><strong>equi-</strong></span> 
     </span>
     <span class='ocr_line' id='line_1_18' title="bbox 151 1417 1319 1476; baseline 0.003 -17"><span class='ocrx_word' id='word_1_100' title='bbox 151 1418 250 1459; x_wconf 91' lang='lat' dir='ltr'><strong>dem</strong></span> <span class='ocrx_word' id='word_1_101' title='bbox 279 1417 393 1474; x_wconf 73' lang='lat' dir='ltr'><strong>quod</strong></span> <span class='ocrx_word' id='word_1_102' title='bbox 422 1417 554 1467; x_wconf 85' lang='lat' dir='ltr'><strong>Plato,</strong></span> <span class='ocrx_word' id='word_1_103' title='bbox 583 1418 682 1459; x_wconf 69' lang='lat' dir='ltr'><strong>cum</strong></span> <span class='ocrx_word' id='word_1_104' title='bbox 707 1417 901 1460; x_wconf 87' lang='lat' dir='ltr'><strong>ludorum</strong></span> <span class='ocrx_word' id='word_1_105' title='bbox 931 1419 1132 1460; x_wconf 85' lang='lat' dir='ltr'><strong>rationem</strong></span> <span class='ocrx_word' id='word_1_106' title='bbox 1160 1420 1319 1476; x_wconf 84' lang='lat' dir='ltr'><strong>spiritui</strong></span> 
     </span>
     <span class='ocr_line' id='line_1_19' title="bbox 152 1485 1320 1541; baseline 0.004 -15"><span class='ocrx_word' id='word_1_107' title='bbox 152 1485 435 1527; x_wconf 84' lang='lat' dir='ltr'><strong>confirmando</strong></span> <span class='ocrx_word' id='word_1_108' title='bbox 467 1485 663 1541; x_wconf 87' lang='lat' dir='ltr'><strong>prodesse</strong></span> <span class='ocrx_word' id='word_1_109' title='bbox 694 1485 832 1536; x_wconf 84' lang='lat' dir='ltr'><strong>ducat,</strong></span> <span class='ocrx_word' id='word_1_110' title='bbox 868 1487 1060 1528; x_wconf 86' lang='lat' dir='ltr'><strong>eamdem</strong></span> <span class='ocrx_word' id='word_1_111' title='bbox 1095 1496 1235 1530; x_wconf 86' lang='lat' dir='ltr'><strong>tamen</strong></span> <span class='ocrx_word' id='word_1_112' title='bbox 1266 1489 1320 1531; x_wconf 81' lang='lat' dir='ltr'><strong>ad</strong></span> 
     </span>
     <span class='ocr_line' id='line_1_20' title="bbox 151 1551 1319 1608; baseline 0.003 -14"><span class='ocrx_word' id='word_1_113' title='bbox 151 1552 287 1594; x_wconf 81' lang='lat' dir='ltr'><strong>nullas</strong></span> <span class='ocrx_word' id='word_1_114' title='bbox 318 1551 419 1594; x_wconf 78' lang='lat' dir='ltr'><strong>alias</strong></span> <span class='ocrx_word' id='word_1_115' title='bbox 452 1558 588 1608; x_wconf 88' lang='lat' dir='ltr'><strong>partes</strong></span> <span class='ocrx_word' id='word_1_116' title='bbox 620 1551 699 1594; x_wconf 88' lang='lat' dir='ltr'><strong>nisi</strong></span> <span class='ocrx_word' id='word_1_117' title='bbox 731 1553 786 1594; x_wconf 81' lang='lat' dir='ltr'><strong>ad</strong></span> <span class='ocrx_word' id='word_1_118' title='bbox 814 1553 973 1595; x_wconf 89' lang='lat' dir='ltr'><strong>bellum</strong></span> <span class='ocrx_word' id='word_1_119' title='bbox 1006 1555 1319 1598; x_wconf 82' lang='lat' dir='ltr'><strong>accommodare</strong></span> 
     </span>
     <span class='ocr_line' id='line_1_21' title="bbox 151 1620 1318 1681; baseline 0.003 -18"><span class='ocrx_word' id='word_1_120' title='bbox 151 1620 265 1663; x_wconf 85' lang='lat' dir='ltr'><strong>velit.</strong></span> <span class='ocrx_word' id='word_1_121' title='bbox 323 1620 538 1665; x_wconf 73' lang='lat' dir='ltr'><strong>Concinne</strong></span> <span class='ocrx_word' id='word_1_122' title='bbox 576 1621 746 1679; x_wconf 88' lang='lat' dir='ltr'><strong>quidem</strong></span> <span class='ocrx_word' id='word_1_123' title='bbox 785 1621 1013 1680; x_wconf 67' lang='lat' dir='ltr'><strong>faceteque,</strong></span> <span class='ocrx_word' id='word_1_124' title='bbox 1053 1630 1102 1665; x_wconf 92' lang='lat' dir='ltr'><strong>ut</strong></span> <span class='ocrx_word' id='word_1_125' title='bbox 1140 1639 1318 1681; x_wconf 85' lang='lat' dir='ltr'><strong>semper,</strong></span> 
     </span>
     <span class='ocr_line' id='line_1_22' title="bbox 151 1688 1317 1748; baseline 0.005 -18"><span class='ocrx_word' id='word_1_126' title='bbox 151 1688 292 1731; x_wconf 85' lang='lat' dir='ltr'><strong>civiles</strong></span> <span class='ocrx_word' id='word_1_127' title='bbox 305 1688 497 1730; x_wconf 87' lang='lat' dir='ltr'><strong>ludorum</strong></span> <span class='ocrx_word' id='word_1_128' title='bbox 513 1688 712 1731; x_wconf 85' lang='lat' dir='ltr'><strong>utilitates</strong></span> <span class='ocrx_word' id='word_1_129' title='bbox 726 1689 989 1746; x_wconf 89' lang='lat' dir='ltr'><strong>prosequitur</strong></span> <span class='ocrx_word' id='word_1_130' title='bbox 1005 1690 1317 1748; x_wconf 82' lang='lat' dir='ltr'><strong>Aristophanes,</strong></span> 
     </span>
     <span class='ocr_line' id='line_1_23' title="bbox 151 1755 954 1812; baseline 0.004 -15"><span class='ocrx_word' id='word_1_131' title='bbox 151 1755 264 1812; x_wconf 80' lang='lat' dir='ltr'><strong>apud</strong></span> <span class='ocrx_word' id='word_1_132' title='bbox 282 1769 409 1812; x_wconf 89' lang='lat' dir='ltr'><strong>quem</strong></span> <span class='ocrx_word' id='word_1_133' title='bbox 428 1755 571 1798; x_wconf 82' lang='lat' dir='ltr'><strong>Justus</strong></span> <span class='ocrx_word' id='word_1_134' title='bbox 589 1755 661 1799; x_wconf 87' lang='lat' dir='ltr'><strong>ille</strong></span> <span class='ocrx_word' id='word_1_135' title='bbox 680 1770 766 1799; x_wconf 88' lang='lat' dir='ltr'><strong>uno</strong></span> <span class='ocrx_word' id='word_1_136' title='bbox 784 1756 875 1799; x_wconf 92' lang='lat' dir='ltr'><strong>loco</strong></span> <span class='ocrx_word' id='word_1_137' title='bbox 894 1757 954 1800; x_wconf 81' lang='lat' dir='ltr'><strong>ait</strong></span> 
     </span>
    </p>
   </div>
   <div class='ocr_carea' id='block_1_3' title="bbox 150 1886 1318 2016">
    <p class='ocr_par' dir='ltr' id='par_1_4' title="bbox 150 1886 1318 2016">
     <span class='ocr_line' id='line_1_24' title="bbox 151 1886 1318 1948; baseline 0.003 -19"><span class='ocrx_word' id='word_1_138' title='bbox 151 1889 239 1929; x_wconf 79' lang='grc' dir='ltr'><strong>ἀλλ’</strong></span> <span class='ocrx_word' id='word_1_139' title='bbox 259 1887 330 1940; x_wconf 80' lang='grc' dir='ltr'><strong>οὖν,</strong></span> <span class='ocrx_word' id='word_1_140' title='bbox 351 1886 502 1944; x_wconf 70' lang='grc' dir='ltr'><strong>λιπαρός</strong></span> <span class='ocrx_word' id='word_1_141' title='bbox 519 1905 566 1944; x_wconf 83' lang='grc' dir='ltr'><strong>γε</strong></span> <span class='ocrx_word' id='word_1_142' title='bbox 586 1889 647 1930; x_wconf 66' lang='grc' dir='ltr'><strong>καὶ</strong></span> <span class='ocrx_word' id='word_1_143' title='bbox 669 1888 805 1938; x_wconf 82' lang='grc' dir='ltr'><strong><em>εὗανθῆς</em></strong></span> <span class='ocrx_word' id='word_1_144' title='bbox 826 1890 860 1930; x_wconf 81' lang='grc' dir='ltr'><strong>ὲν</strong></span> <span class='ocrx_word' id='word_1_145' title='bbox 877 1888 1092 1945; x_wconf 79' lang='grc' dir='ltr'><strong><em>γυμνασίοις</em></strong></span> <span class='ocrx_word' id='word_1_146' title='bbox 1119 1890 1318 1948; x_wconf 63' lang='grc' dir='ltr'><strong><em>διατρίψεις</em></strong></span> 
     </span>
     <span class='ocr_line' id='line_1_25' title="bbox 150 1954 1316 2016; baseline 0.004 -21"><span class='ocrx_word' id='word_1_147' title='bbox 150 1958 190 1996; x_wconf 76' lang='grc' dir='ltr'><strong>οὐ</strong></span> <span class='ocrx_word' id='word_1_148' title='bbox 212 1954 442 2008; x_wconf 78' lang='grc' dir='ltr'>στωμύλλων</span> <span class='ocrx_word' id='word_1_149' title='bbox 461 1957 561 1996; x_wconf 77' lang='grc' dir='ltr'><strong><em>κατὰ</em></strong></span> <span class='ocrx_word' id='word_1_150' title='bbox 585 1958 648 2006; x_wconf 81' lang='grc' dir='ltr'><strong>τὴν</strong></span> <span class='ocrx_word' id='word_1_151' title='bbox 674 1957 815 2013; x_wconf 63' lang='grc' dir='ltr'><em>ἀγορὰν</em></span> <span class='ocrx_word' id='word_1_152' title='bbox 839 1954 1167 2013; x_wconf 61' lang='grc' dir='ltr'><strong>τριβολεκτράπελ’</strong></span> <span class='ocrx_word' id='word_1_153' title='bbox 1192 1958 1316 2016; x_wconf 67' lang='grc' dir='ltr'><em>οἷάπερ</em></span> 
     </span>
    </p>
   </div>
   <div class='ocr_carea' id='block_1_4' title="bbox 321 2025 440 2062">
    <p class='ocr_par' dir='ltr' id='par_1_5' title="bbox 321 2025 440 2062">
     <span class='ocr_line' id='line_1_26' title="bbox 321 2025 440 2062; baseline 0 0"><span class='ocrx_word' id='word_1_154' title='bbox 321 2025 352 2062; x_wconf 78' lang='grc' dir='ltr'><strong>οἳ</strong></span> <span class='ocrx_word' id='word_1_155' title='bbox 370 2025 440 2062; x_wconf 83' lang='grc' dir='ltr'><strong><em>νῦν.</em></strong></span> 
     </span>
    </p>
   </div>
   <div class='ocr_carea' id='block_1_5' title="bbox 191 2165 1277 2208">
    <p class='ocr_par' dir='ltr' id='par_1_6' title="bbox 191 2165 1277 2208">
     <span class='ocr_line' id='line_1_27' title="bbox 191 2165 1277 2208; baseline 0.001 -10"><span class='ocrx_word' id='word_1_156' title='bbox 191 2168 205 2187; x_wconf 76' lang='lat'><strong>‘³</strong></span> <span class='ocrx_word' id='word_1_157' title='bbox 228 2166 425 2199; x_wconf 84' lang='lat' dir='ltr'><strong>Sententiam</strong></span> <span class='ocrx_word' id='word_1_158' title='bbox 441 2165 563 2196; x_wconf 74' lang='lat' dir='ltr'><strong>scilicet</strong></span> <span class='ocrx_word' id='word_1_159' title='bbox 578 2165 766 2196; x_wconf 67' lang='lat' dir='ltr'><strong>Aristotelis,</strong></span> <span class='ocrx_word' id='word_1_160' title='bbox 976 2172 989 2186; x_wconf 52' lang='grc' dir='ltr'><strong>Φ</strong></span> <span class='ocrx_word' id='word_1_161' title='bbox 1013 2165 1083 2198; x_wconf 80' lang='lat' dir='ltr'><strong>Pol.</strong></span> <span class='ocrx_word' id='word_1_162' title='bbox 1094 2178 1124 2208; x_wconf 87' lang='lat' dir='ltr'><strong>p.</strong></span> <span class='ocrx_word' id='word_1_163' title='bbox 1142 2169 1212 2198; x_wconf 78' lang='lat'><strong>192.</strong></span> <span class='ocrx_word' id='word_1_164' title='bbox 1230 2168 1277 2201; x_wconf 89' lang='lat'><strong>17.</strong></span> 
     </span>
    </p>
   </div>
  </div>
 </body>
</html>
