1358 2470
177 348 223 383 ab
241 346 400 382 Etruscis
420 344 625 392 longissime
640 344 903 379 abhorruerunt
918 357 926 389 3
954 345 1031 390 ipsa
1045 344 1201 390 denique
1221 343 1291 378 mi-

177 404 296 450 gratio
312 415 334 438 a
346 402 493 437 Xantho
509 401 679 437 historico
692 401 875 447 Lydorum
887 400 1136 446 antiquissimo
1148 400 1291 435 silentio

176 459 417 506 praetermissa
433 463 497 494 est.
524 457 679 492 Minime
695 461 818 492 tamen
834 457 1021 503 explorare
1036 457 1159 498 velim,
1170 468 1290 492 annon

179 516 290 551 dubia
315 515 481 561 quaedam
500 514 779 549 similitudinum
796 514 948 560 vestigia
970 514 1080 549 etiam
1097 514 1135 548 in
1152 513 1195 548 iis
1210 523 1292 558 quae

178 577 371 618 supersunt
380 571 625 606 monumentis
635 570 937 616 deprehendenda
952 570 1042 605 sint:
1060 573 1163 613 †tum
1175 569 1292 604 multo

178 629 299 664 minus
316 628 427 663 Caras
444 639 489 662 an
509 627 628 674 Lydos
642 626 720 662 haec
736 626 814 672 ipsa
832 625 954 660 fabula
969 626 1147 672 respiciat.
1192 625 1294 660 Nun-

178 697 288 732 quam
314 684 411 719 enim
434 684 498 719 illa
521 683 709 719 vetustatis
734 683 830 718 fama
852 682 921 717 loci
945 686 1009 717 aut
1032 682 1205 728 temporis
1225 692 1291 716 an-

177 742 305 789 gustiis
320 741 525 776 definienda
541 743 606 783 est,
624 750 750 774 verum
768 738 875 784 longe
891 737 1032 784 lateque
1050 738 1175 786 vagari
1191 738 1292 773 solet.

177 799 272 834 Satis
285 798 382 833 enim
393 801 544 839 constat,
560 795 651 830 nihil
661 795 760 830 aliud
775 795 813 828 in
826 795 948 829 animo
964 794 1130 829 habuisse
1139 798 1290 838 veteres,

178 856 248 890 nisi
274 855 320 890 ab
340 854 476 889 oriente
494 853 664 887 Etruscos
682 851 859 892 derivat-{3
885 862 931 886 ex
952 850 1008 885 his
1033 850 1193 886 fontibus
1208 862 1292 896 pro-

177 911 324 946 fluxisse
354 910 486 945 artium
525 908 690 955 gloriam,
725 907 881 942 civitatis
921 907 1108 953 instituta;
1146 917 1292 942 omnem

176 969 278 1003 illam
299 965 540 1002 humanarum
563 965 840 1010 divinarumque
858 975 978 998 rerum
994 963 1193 1006 scientiam,
1210 973 1292 1009 quoe

179 1025 307 1060 Graeco
325 1024 547 1068 Etruscoque
568 1021 706 1056 nomini
727 1032 884 1066 perenne
904 1020 1162 1066 propriumque
1185 1020 1293 1055 decus

178 1081 400 1116 indiderunt.
448 1079 471 1113 J
475 1090 547 1123 am,
570 1078 667 1124 quod
690 1077 868 1112 coloniam
891 1077 993 1111 illam
1013 1077 1212 1123 Lydorum,
1231 1076 1293 1111 alii

178 1138 226 1173 ad
249 1138 451 1184 Tyrsenum
477 1134 644 1170 Herculis
661 1134 791 1176 filium,
817 1133 878 1168 alii
899 1144 998 1168 more
1015 1133 1226 1168 Graecorum
1247 1133 1291 1167 ad

178 1194 379 1240 Telephum
400 1196 437 1227 et
461 1191 605 1238 Trojani
632 1191 718 1226 belli
748 1195 914 1235 tempora
941 1189 1157 1233 referebant,
1181 1191 1221 1225 in
1249 1202 1293 1226 eo

179 1251 409 1298 perspicuum
431 1253 485 1284 est
503 1248 729 1294 Pelasgicam
747 1247 981 1282 Etruseorum
1004 1247 1154 1292 stirpem
1171 1247 1291 1294 desig-

179 1308 279 1342 nari:
320 1306 370 1341 sic
400 1305 490 1340 duas
520 1308 644 1352 gentes
672 1304 929 1338 diversissimas
957 1302 1190 1349 maximeque
1217 1304 1290 1339 dis-

174 1365 332 1410 junctim,
348 1362 497 1397 coloniae
511 1360 655 1396 vinculo
674 1364 849 1406 tanquam
865 1363 951 1395 nota
967 1359 1190 1406 cognationis
1207 1371 1294 1396 con⁴

179 1420 356 1456 tinebant.

227 1477 248 1498 ⁴*
258 1477 353 1512 Sunt
367 1478 490 1510 autem
505 1473 568 1519 qui
584 1473 694 1508 aliam
710 1473 859 1519 ingressi
875 1473 986 1516 viam,
1006 1484 1070 1508 cur
1084 1473 1130 1508 ab
1149 1473 1296 1520 Egypto

181 1534 373 1577 venissent,
386 1531 598 1578 gravissima
609 1529 795 1575 proferunt
811 1532 1047 1575 argumenta3
1074 1529 1138 1574 qui
1154 1540 1226 1564 non
1237 1529 1294 1563 in-

180 1595 316 1626 certam
333 1588 565 1633 antiquorum
581 1586 692 1621 fidem
706 1585 879 1630 respicere
896 1585 957 1620 sed
972 1585 1068 1630 ipsas
1080 1596 1296 1620 monumen-

182 1651 302 1681 torum
318 1644 501 1690 relliquias
514 1643 626 1678 oculis
636 1642 768 1688 jubent
784 1642 1011 1687 perscrutari.
1061 1641 1180 1682 Quem
1197 1641 1294 1675 enim

182 1704 221 1737 in
251 1701 389 1745 statuis,
411 1700 451 1735 in
479 1699 607 1735 cloacis
632 1698 798 1740 arcuatis,
825 1699 861 1732 in
886 1697 1039 1732 mirifica
1062 1697 1295 1732 oedificiorum

183 1759 278 1794 mole
296 1758 486 1804 Egyptum
503 1767 575 1791 non
592 1755 810 1802 agnoscere?
834 1753 872 1788 in
889 1753 1084 1799 sepulchris
1100 1758 1221 1788 autem
1238 1754 1296 1788 vel

184 1814 356 1857 maxime,
379 1813 510 1860 quibus
528 1812 652 1848 omnia
672 1815 847 1856 tanquam
869 1820 1000 1845 arcana
1023 1810 1176 1845 fideliter
1196 1821 1295 1845 com-

184 1872 304 1915 missa,
316 1882 397 1917 quae
413 1871 504 1905 ritus
514 1869 690 1912 funereos,
703 1879 784 1914 quae
791 1867 923 1913 figuras
933 1865 1114 1909 biformes,
1124 1866 1295 1912 pleraque

185 1933 223 1963 et
246 1928 378 1962 futurae
394 1927 478 1961 vitae
502 1930 538 1961 et
558 1925 734 1971 presentis
754 1924 927 1970 mysteria
951 1923 988 1958 in
1014 1923 1209 1969 parietibus
1230 1923 1294 1957 ha—

185 1985 295 2020 beant
320 1994 499 2029 expressa.
548 1982 687 2017 Eadem
713 1980 847 2026 ubique
874 1980 1030 2015 hominis
1056 1979 1175 2025 facies,
1198 1979 1313 2015 idem·

428 2112 439 2133 f
459 2106 494 2131 V.
511 2105 609 2133 Mioali
624 2104 720 2132 storia
731 2105 809 2131 della
822 2102 891 2130 Ant.
905 2104 973 2138 Pop.
990 2103 1055 2130 Ital.

435 2158 447 2171 ·
472 2155 504 2180 V.
522 2155 629 2182 Herod.
645 2154 751 2181 Baehr.
768 2153 875 2180 Excur.
892 2153 938 2179 ad.
954 2152 976 2178 1.
995 2155 1036 2178 ⁹4.
