1358 2470
162 191 188 229 6
265 199 459 232 QUAENAM
480 199 637 228 FUERl'r
659 198 950 227 CERTAMINUM
974 199 1253 228 PUBLICORUM

163 297 331 354 plicare,
352 312 489 354 neque
515 297 639 339 altiu8
659 305 846 353 repetere
866 298 909 339 in
939 297 1078 339 animo
1105 297 1330 340 habemus:

164 366 237 408 sed
277 381 327 407 ea
374 380 469 422 quae
507 365 799 421 plerorumque
848 365 1093 421 scriptorum
1133 380 1333 407 consensu

165 433 393 483 tradantur,
423 448 498 489 pro
527 433 648 474 certis
683 440 866 488 accepta,
896 432 1077 474 breviter
1113 447 1332 488 exponere,

166 500 318 542 deinde
338 499 486 541 eadem
512 499 565 540 ad
592 499 693 541 fines
720 504 815 542 cum
847 500 1003 542 ethicos
1028 505 1119 542 tum
1146 500 1332 556 politicos

167 581 372 608 revocare.

227 632 261 674 Ι.
295 631 447 674 Nescio
466 631 660 688 equidem
682 647 734 674 an
754 632 945 674 ludorum
967 632 1336 675 vetustissimorum

168 699 394 756 simplicius
433 699 670 755 exemplum
710 698 924 757 magisque
959 715 1198 757 expressum
1237 700 1337 743 alibi

168 766 355 809 invenire
376 765 577 822 possimus
597 768 723 823 quem
753 768 862 823 apud
885 767 1190 824 Thucydidem,
1212 767 1339 824 scrip—

169 841 305 876 torum
326 832 447 874 facile
462 833 648 874 omnium
669 833 1043 876 accuratissimum:
1077 834 1193 889 cujus
1213 833 1340 876 verba

170 916 308 958 operae
329 900 407 942 erit
427 900 606 956 pretium
627 900 871 942 describere.
933 902 1010 942 Καὶ
1031 904 1094 953 τὴν
1111 901 1340 958 πεντπηςῖὃα

170 969 252 1010 τότε
271 974 410 1027 πρῶτον
437 971 533 1022 μετὰ
554 970 618 1019 τὴν
638 968 813 1025 κάθαρσιν
835 967 1003 1019 ἐποίησαν
1033 972 1063 1009 οἶ
1082 969 1272 1020 Ἀθηναῖοι,
1290 970 1341 1009 τὰ

171 1038 308 1088 Δήλια.
337 1036 376 1087 ἦν
403 1035 437 1077 δὲ
456 1035 543 1076 πότε
574 1036 635 1077 καὶ
656 1036 696 1076 τὸ
722 1035 844 1077 πάλαι
874 1036 1011 1086 ξύνοδος
1037 1035 1187 1093 μεγάλη
1220 1037 1254 1084 ἐς
1278 1039 1341 1087 τὴν

173 1109 295 1155 Δῆλον
319 1109 403 1145 τῶν
422 1103 575 1144 Ἰώνων
600 1120 648 1144 τε
668 1104 744 1143 καὶ
771 1103 1067 1160 περικτιόνων
1100 1109 1341 1155 νησιωτῶν.

172 1172 234 1223 ξύν
251 1189 293 1213 τε
310 1173 388 1228 γὰρ
417 1170 561 1227 γύναιξι
583 1171 644 1212 καὶ
671 1172 798 1212 παισὶν
822 1171 996 1228 ἐθεώρουν,
1018 1170 1138 1229 ὥσπερ
1165 1177 1222 1213 νῦν
1241 1174 1274 1220 ἐς
1293 1173 1344 1213 τὰ

173 1240 338 1291 Ἐφέσια
368 1239 500 1288 Ἴωνες,
542 1240 617 1279 καὶ
658 1237 781 1294 ἀγών
830 1241 1027 1279 ἐποιεῖτο
1067 1238 1218 1280 αὐτόθι
1267 1240 1343 1280 καὶ

173 1307 396 1366 γυμνικὸς
435 1307 510 1346 καὶ
549 1306 785 1359 μουσικὸς,
815 1304 984 1361 χᾶςους
1017 1322 1066 1346 τε
1099 1307 1266 1362 ἀνῆγον
1298 1309 1344 1347 αἱ

172 1375 338 1423 πόλεις.
391 1374 519 1415 Hunc
534 1373 660 1428 igitur
674 1379 886 1414 auctorem
900 1372 1030 1414 secuti
1046 1378 1158 1416 recte
1171 1372 1343 1416 omnino

174 1444 365 1487 videmur
403 1442 529 1485 totius
568 1441 628 1483 rei
667 1440 871 1497 principia
903 1441 955 1482 ad
988 1441 1343 1498 Amphictyonum

175 1511 391 1554 societates
430 1508 633 1561 retulisse,
671 1522 774 1564 quas
820 1507 863 1548 in
908 1515 1100 1564 prompto
1138 1516 1228 1550 erat
1266 1508 1347 1562 rel-

174 1577 410 1633 ligionibus,
433 1576 589 1631 ideoque
615 1574 805 1616 ludorum
828 1582 1029 1630 apparatu
1053 1575 1183 1631 (quod
1202 1583 1346 1632 postea

175 1644 487 1698 illustrabimus)
527 1657 780 1685 consecrare.
861 1643 957 1699 Ipso
1004 1643 1200 1685 nimirum
1240 1644 1347 1686 Am-

176 1713 446 1770 phictyonum
507 1707 706 1751 vocabulo
761 1707 1018 1763 significatur
1069 1708 1344 1763 complurium

176 1780 379 1837 gentium,
413 1792 488 1835 per
503 1798 507 1801 ·
525 1776 606 1819 loci
644 1775 833 1831 alicujus,
865 1790 947 1817 non
985 1775 1195 1830 sanguinis
1234 1790 1347 1818 com-

177 1848 434 1897 munionem,
456 1843 675 1900 colligatio.
737 1843 846 1886 Cum
870 1846 966 1886 vero
995 1842 1110 1884 locus
1137 1842 1214 1884 iste
1242 1857 1347 1885 nun-

178 1932 304 1976 quam
326 1931 409 1958 non
429 1929 544 1957 sacer
561 1919 670 1955 esset
691 1911 900 1968 (Delphos
918 1919 1020 1968 puta
1039 1918 1112 1954 aut
1133 1911 1346 1969 Ephesum

178 1993 252 2028 aut
274 1984 450 2035 Delum)
477 1980 682 2038 certisque
708 1978 965 2036 temporibus
993 1979 1047 2021 ab
1076 1977 1126 2021 iis
1153 1977 1346 2035 frequen-

177 2059 336 2095 taretur
373 2048 445 2106 qui
478 2047 646 2091 eosdem
685 2045 800 2088 Deos
828 2045 1024 2096 colerent,
1061 2045 1127 2088 vix
1164 2045 1346 2088 dubitari

177 2126 313 2176 potest
342 2117 444 2174 quin
476 2113 772 2169 consanguinei
801 2127 852 2155 ex
881 2112 1022 2169 aliqu&
1052 2111 1199 2155 saltem
1227 2119 1344 2169 parte
