1358 2470
177 345 313 391 legium
324 345 430 380 fuisse
442 345 605 388 sociatos,
620 346 683 391 qui
698 345 813 391 prisca
825 350 946 380 tamen
957 349 1064 381 aetate
1081 345 1288 391 reipublicae

178 414 354 449 nusquam
381 403 507 438 Romae
532 403 672 438 inventi
696 407 790 444 sunt,
808 413 949 447 semper
968 413 1053 436 vero
1073 402 1119 436 ab
1144 401 1290 436 Etruria

176 460 292 494 acciti.
340 460 426 494 Jam
453 460 520 494 sub
544 458 833 505 imperatoribus,
861 458 1067 504 aruspicum
1089 458 1288 503 disciplina,

176 527 259 550 cum
272 528 293 551 a
303 516 484 551 Chaldaeis
501 521 669 561 corrupta
685 521 720 550 et
736 516 932 561 depravata
943 520 1046 559 esset,
1062 515 1099 549 in
1113 518 1290 549 astrorum

176 578 277 607 motu
292 572 535 618 natalitiisque
550 584 586 607 se
602 572 791 607 exercebat
805 583 813 606 ε
845 571 955 606 etiam
975 583 1058 606 cum
1075 571 1198 617 purior
1215 571 1289 606 Ro-

175 640 366 663 manorum
391 629 509 664 cultus
537 630 698 663 nondum
725 629 915 675 peregrina
940 628 1192 674 superstitione
1220 627 1290 662 im-

176 686 286 720 butus
303 691 406 727 esset,
429 686 517 720 scire
538 686 790 721 difficillimum
811 685 899 730 quid
926 685 1100 727 Etruscis,
1117 684 1206 731 quid
1224 684 1290 719 Sa-

175 742 282 783 binis,
300 743 388 788 quid
407 742 559 778 Graeciae
578 742 732 787 denique
751 742 984 776 tribuendum
1000 742 1057 776 sit.

222 799 261 834 Si
293 799 373 845 quis
405 799 494 834 forte
522 799 756 833 Etruscorum
787 797 1012 844 relligionem
1045 809 1129 833 cum
1159 797 1289 832 Graeca

176 868 383 902 comparare
398 855 498 897 velit‚
507 856 624 889 multa
640 855 783 897 similia,
801 855 918 889 multa
933 866 1076 900 quoque
1093 854 1235 889 diversa
1251 854 1289 888 in

174 913 218 948 iis
234 913 406 948 inveniet.
459 912 546 946 Erat
563 912 660 946 enim
683 911 795 946 altera
810 923 855 946 ex
872 916 1060 957 poetarum
1078 910 1290 946 commentis

175 975 212 1005 et
234 971 383 1005 heroum
398 970 498 1005 cultu
516 974 623 1014 nata3
650 969 764 1003 altera
785 969 830 1003 ab
847 968 993 1003 orientis
1013 967 1112 1003 fonte
1129 968 1239 1003 ducta
1254 972 1292 1002 et

175 1028 214 1062 in
226 1031 365 1062 natnrae
381 1026 498 1072 posita
515 1025 832 1071 contemplatione.
868 1025 954 1059 Fuit
969 1025 1047 1060 haec
1059 1023 1290 1070 optimatium

174 1084 328 1131 relligio,
341 1084 404 1118 illa
415 1083 620 1129 popularis3
639 1082 716 1117 haec
732 1082 829 1123 artis,
840 1081 902 1115 illa
919 1086 1057 1116 naturae
1070 1093 1079 1126 ;
1098 1081 1175 1115 haec
1191 1092 1290 1116 sum-

175 1152 253 1175 mas
270 1145 412 1175 tantum
429 1151 548 1174 rerum
563 1139 695 1174 formas
711 1138 838 1173 leviter
854 1137 1069 1184 attingebat,
1082 1137 1146 1172 illa
1162 1137 1289 1172 mundi

175 1197 349 1243 mysteria
371 1201 407 1231 et
430 1196 542 1231 futuri
565 1195 634 1230 aevi
656 1195 896 1230 conditionem
920 1194 1027 1228 altius
1051 1193 1289 1229 scrutabatur.

177 1254 315 1289 Graecis
337 1258 470 1297 autem,
488 1264 571 1288 cum
595 1252 716 1286 nullus
738 1256 829 1286 esset
850 1251 1091 1286 sacerdotium
1110 1250 1208 1294 ordo,
1225 1250 1288 1295 qui

174 1311 251 1346 ullo
261 1311 356 1345 inter
369 1322 405 1345 se
416 1310 561 1345 vinculo
573 1314 794 1352 tenerentur,
805 1308 1040 1342 Etruscorum
1051 1307 1292 1349 Lucumones,

175 1379 248 1402 non
274 1368 383 1402 modo
411 1379 432 1402 a
458 1367 583 1402 ceteris
607 1365 762 1411 separati
788 1369 902 1407 erant,
931 1375 1058 1398 verum
1083 1363 1289 1397 universam

174 1430 321 1472 gentem
339 1424 551 1459 auctoritate
567 1423 726 1468 quadam
744 1422 917 1468 regebant
934 1420 1069 1455 divina.
1120 1420 1179 1454 Ita
1204 1431 1287 1454 cum

175 1482 316 1528 relligio
333 1481 543 1516 Graecorum
567 1479 614 1514 ad
636 1478 883 1524 depravandos
906 1477 1026 1522 potius
1049 1488 1165 1511 mores
1188 1476 1284 1511 viam

176 1538 422 1584 praemuniret,
434 1537 530 1582 quod
546 1537 626 1582 ipsa
640 1546 783 1581 quoque
795 1535 957 1569 Deorum
974 1533 1119 1568 licentia
1135 1544 1285 1579 peccan-

176 1595 214 1630 di
230 1594 414 1630 licentiam
439 1593 644 1629 hominibus
662 1591 884 1635 concederet,
904 1591 1136 1625 Etruscorum
1160 1595 1286 1625 contra

175 1652 380 1697 superstitio
387 1651 566 1697 juveniles
582 1649 720 1684 animos
735 1647 955 1690 informavit,
973 1646 1170 1682 inferorum
1187 1650 1286 1681 metu

176 1709 420 1754 teterrimique
436 1707 601 1753 supplicii
618 1718 639 1741 a
657 1705 796 1752 flagitio
812 1703 998 1739 deterruit.

219 1766 303 1800 Alia
331 1765 399 1799 fuit
431 1764 553 1810 opinio
584 1774 720 1805 eorum,
747 1773 828 1807 quae
855 1760 1014 1794 numeris
1038 1769 1118 1793 eam
1143 1759 1218 1793 vim
1251 1763 1288 1793 et

175 1828 342 1857 naturam
375 1821 567 1864 tribuebat,
599 1825 642 1855 ut
672 1819 710 1853 in
737 1818 780 1852 iis
806 1817 970 1852 divinum
1003 1815 1177 1861 quiddam
1210 1827 1284 1850 esse

174 1879 320 1914 diceret.
368 1879 440 1913 Res
456 1877 554 1912 enim
571 1887 694 1911 omnes
710 1874 814 1910 certis
836 1879 1039 1918 temporum
1056 1871 1189 1907 finibus
1204 1872 1285 1906 des-

174 1936 371 1978 cribebant,
397 1945 485 1979 quos
502 1934 578 1968 dies
599 1932 845 1978 appellabant,
863 1941 1016 1975 quorum
1035 1929 1122 1963 alios
1145 1928 1287 1963 homin-

174 1993 265 2034 ibus,
291 1992 379 2026 alios
409 1990 625 2033 nationibus,
650 1988 737 2023 alios
760 1987 926 2022 universo
952 1985 1141 2021 hominum
1165 1985 1287 2031 generi

174 2049 416 2095 assignabant.
455 2048 506 2082 Ut
522 2047 618 2081 enim
635 2044 758 2088 solem,
777 2044 914 2084 lunam,
932 2042 1052 2077 stellas
1068 2047 1164 2076 certo
1182 2046 1284 2075 motu

173 2104 369 2151 circumagi
387 2104 564 2146 viderent,
578 2113 733 2147 quorum
751 2101 840 2135 alios
858 2100 1036 2142 latiorem,
1053 2098 1142 2133 alios
1157 2109 1287 2144 angus-

176 2162 303 2197 tiorem
324 2172 454 2207 gyrum
481 2159 665 2202 conficere,
695 2163 737 2192 ut
762 2157 837 2192 dies
861 2167 1035 2200 mensem,
1061 2166 1199 2190 menses
1221 2166 1285 2189 an-
