1358 2470
57 315 160 347 num,
172 315 286 339 annos
296 314 381 339 vero
392 302 564 338 saeculum
575 301 736 348 explere,
750 300 800 336 sic
811 301 847 335 in
860 299 994 335 divinis
1004 299 1188 335 humanis-

55 373 128 408 que
150 361 259 397 rebus
275 362 402 397 orbem
418 360 603 407 quendam
618 359 697 394 fieri
718 359 912 405 putabant,
935 358 999 405 qui
1021 358 1188 405 gentium

56 419 322 466 hominumque
347 419 512 454 fortunas
534 417 828 464 amplecteretur,
852 428 1107 463 summamque
1133 416 1188 450 fa-

55 477 168 512 talem
184 477 376 512 conficeret
391 476 550 511 naturali
569 475 733 511 circuitu.
785 475 878 515 Quae
897 474 1047 521 quidem
1064 474 1188 520 opinio

53 534 102 569 ab
125 534 275 579 oriente,
299 538 341 569 ut
357 534 515 576 videtur,
532 533 702 576 deducta,
720 533 857 580 partim
881 544 927 567 ex
950 532 1188 579 physicarum

55 603 177 627 rerum
195 592 503 639 contemplatione
519 596 599 627 orta
617 591 700 634 fuit,
724 591 861 637 partim
883 602 930 625 cx
952 590 1033 636 ipsa
1056 601 1186 624 nume-

53 661 177 685 rorum
190 651 343 694 ratione,
350 650 413 696 qui
421 654 463 685 ut
469 650 596 686 circuli
606 650 758 696 quidam
765 649 803 683 in
812 653 928 684 semet
935 647 1186 683 revolvuntur.

0 726 7 731 <
57 708 160 743 Idem
188 707 262 744 fere
288 708 515 755 Pythagorei
540 708 749 748 voluerunt,
779 718 864 742 cum
893 718 938 741 ex
961 705 1123 740 numeris
1149 710 1187 740 et

2 767 8 803 ἶ
54 766 398 802 mathematicorum
408 765 523 800 initiis
530 770 694 800 constare
705 764 835 800 dicunt
842 763 978 799 omnia.
1005 763 1185 798 Gentium

0 833 10 864 ’,-
54 835 140 860 vero
150 829 250 860 ortus
262 823 504 870 interitusque
521 823 627 858 certis
643 822 758 869 signis
771 822 1028 868 miraculisque
1045 821 1187 856 ostendi

1 923 3 925 ,
53 882 122 918 sibi
142 882 286 918 Etrusci
310 882 507 929 putabant,
525 880 594 916 sibi
617 881 757 925 decem,
786 880 964 915 Romanis
989 879 1185 915 duodecim

54 940 232 987 assignari
258 939 403 975 saecula.
455 939 512 974 Ea
535 950 609 974 vox
631 939 678 973 ab
701 937 939 984 Aruspicibus
965 937 1092 972 audita
1106 937 1187 983 jam

53 999 181 1044 inipso
191 998 322 1033 Romae
333 997 488 1040 excidio,
504 1008 589 1032 cum
601 1007 769 1032 occasum
779 995 879 1031 urbis
893 995 1187 1042 appropinquare

53 1056 226 1101 dicerent,
260 1055 402 1091 animos
432 1054 625 1090 hominum
658 1054 762 1100 quasi
794 1058 961 1089 veterum
998 1065 1185 1088 sacrorum

53 1113 231 1149 memoria
246 1112 457 1148 resuscitata
468 1123 584 1159 prope
600 1116 703 1146 metu
718 1112 979 1147 consternavit.

101 1171 256 1207 Utinam
272 1171 311 1205 in
328 1182 371 1206 eo
387 1170 575 1205 immorari
592 1169 729 1212 liceret,
747 1170 846 1215 quod
863 1169 920 1204 vir
941 1169 1003 1203 ille
1020 1180 1185 1204 summus

54 1227 118 1274 qui
134 1226 279 1262 solertia
293 1225 402 1272 poene
418 1224 637 1268 incredibili,
654 1224 883 1271 propriisque
899 1223 1039 1259 viribus
1055 1223 1185 1266 fidens,

55 1285 214 1320 Romam
231 1284 488 1329 Romanasque
506 1294 562 1317 res
579 1282 626 1317 ad
650 1282 770 1317 lucem
787 1281 1026 1325 revocaverit,
1044 1293 1185 1317 annum

53 1341 277 1377 Romuleum
304 1341 404 1376 haud
438 1340 549 1375 dubie
580 1340 626 1375 ab
656 1339 819 1375 Etruscis
850 1340 1003 1374 ductum
1029 1344 1150 1385 putat,
1163 1340 1184 1361 ἱ*

0 1394 8 1429 '.
54 1411 164 1447 quem
189 1403 318 1445 utpote
344 1398 520 1444 temporis
548 1402 687 1432 metam
713 1397 987 1440 accuratiorem,
1014 1397 1081 1432 etsi
1112 1409 1185 1433 non

54 1457 155 1492 omni
176 1456 275 1492 civili
298 1467 409 1501 anno,
431 1460 529 1491 certo
552 1459 677 1490 tamen
704 1466 886 1490 annorum
912 1466 1078 1498 numero,
1100 1467 1185 1490 cum

54 1514 159 1550 finito
171 1514 254 1549 solis
266 1525 374 1549 cursu
385 1512 592 1549 convenire.
629 1513 754 1548 Multa
765 1524 911 1559 quoque
925 1513 961 1547 in
977 1517 1187 1559 temporum

54 1572 164 1607 nimis
194 1572 325 1607 exacta
363 1570 637 1617 computatione
673 1574 789 1615 notat,
831 1582 913 1616 quae
948 1570 1187 1606 Etruscorum

56 1629 248 1665 subtilitati
269 1629 464 1664 tribuenda
486 1628 569 1663 sint.
620 1628 774 1663 Fuerint
797 1639 841 1663 ea
861 1628 947 1663 licet
968 1639 1035 1674 per
1055 1640 1093 1663 se
1109 1628 1189 1674 ipsa

0 1682 2 1684 ’
57 1687 203 1734 exigua,
220 1698 439 1734 magnarum
455 1691 579 1721 tamen
596 1686 841 1721 existimanda
863 1690 950 1721 sunt
964 1685 1187 1721 vicissitudi-

56 1755 146 1780 num
163 1744 309 1780 indicia.

107 1802 255 1837 Etenim
284 1801 314 1837 si
339 1801 490 1836 historia
513 1801 628 1845 sileat,
657 1801 687 1836 si
712 1812 759 1835 ne
781 1804 870 1835 nota
896 1800 1046 1847 quidem
1070 1801 1191 1847 gentis

61 1871 214 1907 usquam
230 1863 417 1906 appareat,
435 1859 612 1905 relliquiae
634 1863 761 1894 tamen
785 1858 932 1892 urbium
949 1870 1015 1904 per
1031 1870 1068 1893 se
1085 1857 1191 1893 facile

62 1919 245 1961 evincunt,
257 1916 438 1964 populum
453 1916 620 1951 omnium
637 1915 879 1952 clarissimum
893 1916 998 1962 quasi
1014 1915 1052 1949 in
1070 1915 1192 1962 sepul-

61 1975 146 2011 chro
169 1975 333 2011 delitere.
386 1974 585 2010 Enimvero
606 1974 743 2009 artium
758 1973 878 2008 studia
899 1985 984 2009 cum
1000 1973 1191 2020 relligione

60 2036 98 2068 et
113 2033 276 2070 moribus
296 2032 434 2068 habent
449 2032 637 2078 quoddam
658 2041 853 2067 commune
868 2030 1078 2067 vinculum:
1105 2042 1189 2068 cum

467 2159 482 2174 ⁸*
503 2157 588 2184 Nieb.
604 2157 669 2184 Vol.
685 2158 706 2185 i,
721 2160 780 2184 2⁴10.
