1358 2470
266 181 382 210 APUD
401 179 619 214 ANTIQUOS
642 181 706 210 vls
729 181 782 209 ET
806 167 1038 210 nntius?
1222 171 1246 210 9

49 280 273 338 sophorum
295 281 398 324 loci·
417 281 460 323 in
481 281 634 339 quibus
661 280 867 323 sexcentis
894 280 1112 323 oculorum
1144 296 1243 325 usus

49 349 159 391 inter
175 350 343 392 ultimas
358 365 407 393 ac
423 350 626 392 maximas
640 349 875 406 voluptates
891 349 1072 406 ponitur.
1110 348 1244 393 Nulla

49 425 161 459 certe
177 419 364 460 oratione
377 433 480 475 opus
493 426 556 459 est
570 417 625 459 ad
640 417 1014 459 demonstrandum
1031 418 1244 475 quomodo

48 485 310 541 relligionem
326 493 457 528 totam
474 485 674 542 populare
689 484 796 526 illud
816 484 1034 540 ingenium
1051 486 1245 529 infecerit

48 564 174 611 atque
195 554 443 598 informarit.
505 554 648 596 Verba
666 569 742 610 pro
763 553 884 595 nobis
903 563 1069 610 oportet
1088 554 1244 598 faciant

47 625 145 666 cum
168 634 387 680 poetarum
403 623 607 674 omnium,
626 623 692 665 vel
713 634 760 664 ut
772 622 910 665 verius
929 623 1083 675 dicam,
1096 633 1241 668 vatum

46 693 101 735 ab
132 683 320 735 Homero
347 702 391 735 et
421 692 609 735 Hesiodo
639 691 839 742 carmina,
860 700 953 734 tum
980 693 1240 750 sculptorum
1294 718 1297 720 Δ

46 761 261 818 imagines.
325 760 577 817 Prodigiosis
604 760 834 802 terroribus
856 760 1011 803 Oriens
1033 762 1150 805 Deos
1174 763 1241 805 in-

45 829 245 878 struebat,
276 828 432 886 quippe
467 827 586 883 cujus
615 827 726 869 oculi
756 827 862 870 nihil
891 836 980 871 tam
1020 831 1237 887 egregium

43 897 174 954 quem
204 898 465 941 desertorum
496 891 689 939 arenosos
719 912 768 939 ac
798 898 1015 953 pestiferos
1047 901 1238 953 vortices,

46 975 346 1024 tempestatum
367 966 622 1016 violentiam,
647 966 884 1008 belluarum
906 970 1238 1028 serpentumque

44 1036 367 1087 immanitatem,
409 1036 684 1093 contemplari
722 1036 918 1080 solerent.
996 1039 1240 1084 Faecundis-

42 1105 161 1147 simae
185 1114 310 1148 terrae
336 1104 469 1163 copia,
491 1105 692 1162 fluviique
720 1105 890 1148 ubertas
909 1106 1024 1149 varia
1046 1108 1090 1150 in
1113 1113 1239 1153 causa

42 1182 164 1217 erant
177 1189 252 1217 cur
268 1174 481 1232 AEgyptus
500 1188 552 1215 ex
571 1173 727 1216 infimis
747 1182 912 1216 naturae
931 1175 1117 1220 artificiis
1137 1178 1239 1222 deo-

45 1257 139 1285 rum
159 1242 312 1285 formas
332 1257 382 1285 ac
401 1243 486 1284 vim
507 1249 686 1284 erueret.
730 1241 882 1299 Neque
902 1244 1017 1300 apud
1036 1253 1236 1304 utrosque

42 1311 222 1354 discolor
239 1311 293 1354 ab
313 1310 510 1368 opinione
540 1309 678 1352 cultus
703 1318 806 1354 erat.
869 1313 1000 1368 Apud
1021 1314 1236 1359 Graeciam

44 1381 144 1424 vero
174 1380 278 1423 nihil
308 1388 397 1422 tam
426 1387 664 1422 extremum
694 1387 821 1436 atque
852 1381 1105 1437 perfectum,
1127 1384 1234 1428 nihil

42 1459 131 1492 tam
165 1448 389 1491 mirificum
421 1446 552 1504 quem
587 1446 807 1489 hominum
838 1456 1003 1492 natura.
1066 1452 1236 1496 Coetera

41 1518 156 1560 enim
195 1524 431 1574 temperata
468 1530 518 1558 ac
555 1515 710 1566 media,
746 1531 886 1574 neque
920 1517 1154 1576 quidquam
1189 1521 1232 1563 in

42 1587 149 1629 coelo
175 1594 250 1629 aut
272 1585 318 1627 in
345 1584 433 1628 solo
459 1583 890 1628 nimium—homines
909 1587 1234 1644 aspiciebantur.

46 1655 174 1699 Unde
201 1655 360 1698 factum
387 1661 451 1696 est
469 1661 518 1695 ut
537 1652 669 1695 instar
698 1653 919 1696 hominum
950 1656 1232 1712 perfectorum

40 1732 179 1766 essent
199 1722 287 1774 Dii,
308 1737 413 1780 quos
434 1721 577 1764 Graeci
596 1731 689 1763 tum
716 1722 780 1764 sui
809 1722 1024 1766 simillimo
1042 1734 1234 1783 propter-

81 1832 96 1850 ²
119 1828 254 1860 Aristot.
271 1827 402 1867 Ethica,
419 1825 584 1868 (Bekker)
603 1835 634 1866 p.
653 1826 686 1857 6.
700 1827 851 1858 22.-52.
871 1825 1019 1860 7.—173.
1034 1827 1185 1862 5.—174.
1200 1830 1232 1861 6.

40 1882 188 1915 Platonis
217 1880 384 1921 Philebus,
413 1878 578 1922 (Bekker)
607 1889 660 1920 pp.
682 1881 864 1910 558—561.
896 1880 1037 1911 Luciani
1065 1881 1165 1923 locus,
1192 1882 1233 1914 de

41 1935 240 1978 Gymnasiis,
263 1934 319 1975 qui
346 1933 386 1964 ad
407 1943 474 1965 rem
497 1930 639 1974 apprime
660 1932 752 1974 facit,
777 1932 1004 1964 describendus
1029 1934 1155 1965 videtur
1167 1945 1175 1974 3
1211 1936 1236 1967 ιι·

37 1990 224 2032 καθεζόμιιος
234 1988 325 2024 αὖε-ὅς
338 1990 364 2021 b
373 1988 470 2030 picus
484 1990 542 2023 τοῖς
557 1988 675 2022 Λιταῖς
686 1986 810 2024 βλίτοις
821 1987 931 2032 ἄξω-ἅς
943 1986 1048 2032 ἄιδςὸν
1058 1988 1111 2020 καὶ
1123 1990 1232 2025 κάλλη

38 2045 184 2086 σωμάτιον
191 2044 245 2075 καὶ
257 2042 363 2083 ιῦιξίας
372 2043 549 2084 ‘sufficiente
559 2042 613 2073 nn)
623 2040 772 2085 ίμτυςίας
780 2039 869 2076 δεινὰς
881 2042 934 2073 καὶ
944 2041 1034 2083 ἴιχω
1045 2042 1170 2085 ἄμαχα.
1179 2044 1234 2076 ιι.)

38 2100 157 2140 ἅλμα·
171 2099 223 2130 καὶ
235 2097 405 2139 φιλοτιμίαι
417 2097 471 2128 καὶ
489 2095 610 2137 φάμας
621 2094 791 2131 &aretinus
805 2095 859 2127 ιιι)
875 2094 999 2130 σπονδὴ
1015 2096 1150 2132 ἄληκτον
1161 2099 1234 2144 forie

39 2155 90 2189 τῆς
105 2153 193 2191 u'xsn,
210 2151 240 2185 οὗ
255 2151 289 2187 δὴ
299 2167 322 2184 οι
340 2166 361 2183 α
377 2151 422 2184 ἵτι
433 2152 486 2184 u’m
498 2149 534 2182 ἂν
545 2149 663 2182 trabea
673 2149 794 2181 iruerint
805 2150 988 2188 nana-150&
1000 2152 1053 2183 καὶ
1063 2153 1232 2197 {risendim
