1358 2470
0 313 1 329 ³
65 321 225 368 quadam
263 323 522 358 consecrabant
565 322 779 358 divinitatis.
837 323 888 357 At
929 323 953 357 J
956 323 1015 358 ovi
1058 324 1201 359 hostem

65 381 282 416 acerrimum
309 380 485 427 Vejovem
518 392 594 416 esse
624 380 825 428 fingebant,
856 392 967 427 quem
994 386 1037 416 ut
1061 386 1200 417 tetrum

64 443 102 474 et
130 438 320 485 impurum
353 443 390 474 et
423 439 713 474 abominandum
751 439 876 474 Deum
907 439 1089 485 detestati,
1115 445 1198 475 tan-

64 508 177 543 quam
192 501 379 532 auctorem
394 497 497 542 mali,
524 497 706 533 sacrificiis
722 502 848 532 tamen
864 502 902 532 et
923 497 1054 533 ritibus
1076 498 1198 534 conci-

63 554 215 589 liabant.
265 555 431 602 Vestigia
446 555 608 601 profecto
626 555 812 590 orientalis
833 555 1088 602 philosophiae,
1114 567 1198 602 quae

63 613 154 648 duas
186 618 335 648 naturas
367 613 565 649 contrarias
602 618 640 649 et
672 613 768 649 inter
800 625 838 649 se
870 618 1119 660 repugnantes
1156 613 1196 648 in

8 691 10 693 -
64 670 229 706 Deorum
254 672 436 707 mundum
459 671 605 707 intulit!
644 672 753 707 Unde
769 671 868 707 enim
891 672 956 707 illa
973 671 1199 718 sempiterna

11 747 18 757 ι
61 741 184 765 rerum
209 730 378 766 omnium
406 730 618 766 contentio?
653 730 752 765 unde
777 734 1056 776 tempestatum,
1086 734 1193 765 terrae

62 788 245 835 marisque
261 799 467 832 concursus,
484 789 583 823 unde
593 788 721 823 mortis
732 787 903 834 vitaeque,
920 788 1008 823 boni
1020 787 1196 835 malique,

61 846 254 881 hominum
283 846 428 893 Deique
455 848 663 882 certamen?
685 846 725 880 in
747 846 879 892 quibus
909 850 975 881 aut
992 845 1111 881 facere
1131 852 1197 881 aut

61 904 153 952 pati}
164 905 304 951 aliquid
314 905 449 939 {omnia
470 904 668 939 videantur
680 904 803 950 :—qui
825 909 950 939 autem
969 903 1084 948 Deus,
1111 916 1196 940 cum

0 998 8 1011 3
61 962 294 1009 omnipotens
310 967 414 1008 esset,
433 968 497 998 aut
512 962 602 997 mali
623 962 826 1009 quidquam
842 961 923 997 fieri
938 967 1004 998 aut
1017 963 1105 998 boni
1121 974 1196 998 non

0 1035 3 1039 >
59 1019 139 1056 fieri
155 1021 393 1056 concederet?
442 1021 466 1056 J
470 1033 531 1056 am
543 1021 671 1056 eadem
686 1019 761 1056 fere
771 1020 811 1055 in
822 1020 976 1056 Laribus
992 1020 1195 1067 Geniisque

0 1075 3 1109 ἶ
60 1079 301 1126 depingendis
310 1078 412 1114 notio
425 1079 592 1124 occurrit,
606 1079 786 1125 *quorum
797 1079 901 1123 alter,
913 1079 1194 1126 veste-candida,

0 1140 4 1155 ”
60 1137 219 1183 benigno
245 1136 475 1184 formosoque
502 1137 610 1172 vultu
633 1136 844 1172 functorum
868 1136 1011 1172 animos
1036 1137 1075 1171 in
1103 1137 1194 1171 Tar-

60 1199 140 1230 taro
150 1195 468 1241 comiter'excipit‚
479 1194 572 1230 alter
588 1199 739 1241 aspectu
753 1199 848 1230 tetro
862 1199 900 1229 et
918 1194 1023 1241 quasi
1034 1194 1192 1230 stimulis

59 1252 205 1300 agitans
230 1257 343 1288 terret
367 1253 595 1300 castigatque
610 1265 619 1288 ι
647 1253 760 1288 etiam
779 1252 818 1287 in
834 1253 913 1288 vita
931 1253 1007 1289 duo
1026 1253 1193 1289 custodes

0 1307 1 1310 ¹
59 1311 149 1356 dati,
173 1311 266 1346 alter
286 1311 349 1358 qui
370 1312 417 1346 ad
440 1323 548 1346 omne
573 1311 683 1346 decus
700 1311 866 1346 homines
893 1311 1074 1356 incitaret,
1100 1311 1194 1346 alter

59 1370 123 1416 qui
138 1369 302 1404 alliceret
318 1370 364 1404 ad
381 1369 662 1415 turpitudinem.
712 1369 842 1415 Itaque
857 1369 1039 1404 mundum
1056 1369 1192 1415 ipsum,

4 1424 7 1427 ’
59 1427 162 1474 quasi
184 1427 221 1462 in
248 1427 312 1463 illo
338 1427 479 1462 semina
502 1427 673 1473 quaedam
693 1427 782 1462 mali
803 1427 1096 1472 inhaerescerent,
1115 1439 1191 1463 non

58 1485 179 1532 ipsum
191 1485 215 1520 J
218 1497 324 1521 ovem
336 1485 473 1520 creasse
484 1485 765 1529 arbitrabantur,
782 1486 844 1520 sed
859 1485 1026 1520 ministro
1042 1485 1191 1520 cuidam

58 1543 133 1578 sive
169 1543 363 1591 demiurgo
394 1544 462 1579 hoc
504 1555 596 1589 opus
633 1543 898 1590 perficiendum
936 1544 1189 1579 demandasse.

59 1601 182 1636 Multa
198 1613 343 1648 quoque
360 1613 432 1636 non
450 1601 568 1636 solum
580 1602 628 1637 ab
640 1601 803 1642 Oriente,
820 1613 950 1637 verum
966 1602 1014 1636 ab
1026 1602 1192 1648 AEgypto

0 1688 2 1690 ,
58 1663 96 1694 et
108 1658 253 1695 Graecia
263 1660 448 1704 translata,
466 1671 550 1695 cum
566 1660 591 1695 J
594 1671 755 1695 unonem
773 1660 924 1695 Faleriis
940 1659 1045 1706 paene
1058 1659 1191 1695 Graeeo

57 1728 156 1753 more
177 1723 215 1753 et
231 1718 385 1753 sollenni
401 1720 607 1761 κανηφόρων
623 1719 760 1765 pompa
775 1719 948 1763 colerent,
967 1730 1051 1764 quae
1072 1718 1148 1753 sive
1170 1730 1193 1753 a

60 1775 222 1824 Pelasgis
239 1782 319 1812 orta
336 1777 419 1822 sint,
431 1778 506 1813 sive
523 1778 636 1813 serius
650 1783 693 1812 ut
710 1777 747 1811 in
758 1777 895 1823 populo
907 1776 1091 1811 maritimo
1108 1776 1190 1811 illa-

57 1837 108 1873 ta,
133 1834 230 1870 certe
255 1846 302 1870 ex
328 1835 396 1871 hoc
424 1836 525 1870 fonte
552 1834 822 1882 profluxerunt.
873 1834 977 1869 Adeo
997 1834 1189 1880 Tarquinii

59 1891 222 1938 Delphos
241 1893 466 1940 legationem
488 1894 690 1938 miserunt;
717 1892 863 1939 Agyllae
880 1903 966 1927 cum
982 1892 1113 1926 iisdem
1130 1903 1188 1926 so-

57 1949 223 1985 cietatem
240 1951 403 1997 aliquam
416 1951 577 1986 inierunt
589 1964 598 1995 ;
626 1951 723 1985 unde
734 1951 846 1985 etiam
858 1962 936 1985 mos
949 1950 1011 1984 ille
1025 1949 1191 1995 Delphos

57 2007 227 2043 mittendi
249 2009 297 2043 ab
314 2009 477 2044 Etruscis
493 2009 533 2044 in
549 2009 734 2044 Romanos
749 2009 863 2043 venit.
903 2008 1056 2044 Constat
1073 2006 1188 2042 immo

3 2069 7 2073 ’
57 2063 166 2101 libros
182 2065 290 2112 ipsos,
308 2067 372 2113 qui
388 2067 426 2101 in
443 2067 633 2114 republica
653 2066 943 2102 administranda
957 2069 1100 2101 tantam
1118 2065 1194 2099 vim

403 2202 418 2217 '
441 2200 541 2227 Micali
555 2200 685 2231 Tabulae,
699 2202 820 2234 passim.
