<?xml version="1.0" encoding="UTF-8"?>
<!DOCTYPE html PUBLIC "-//W3C//DTD XHTML 1.0 Transitional//EN"
    "http://www.w3.org/TR/xhtml1/DTD/xhtml1-transitional.dtd">
<html xmlns="http://www.w3.org/1999/xhtml" xml:lang="en" lang="en">
 <head>
  <title>
</title>
<meta http-equiv="Content-Type" content="text/html;charset=utf-8" />
  <meta name='ocr-system' content='tesseract 3.04.00' />
  <meta name='ocr-capabilities' content='ocr_page ocr_carea ocr_par ocr_line ocrx_word'/>
</head>
<body>
  <div class='ocr_page' id='page_1' title='image "./oxoniensa00oxonuoft_0229.png"; bbox 0 0 1422 2476; ppageno 0'>
   <div class='ocr_carea' id='block_1_1' title="bbox 340 395 1035 447">
    <p class='ocr_par' dir='ltr' id='par_1_1' title="bbox 340 395 1035 447">
     <span class='ocr_line' id='line_1_1' title="bbox 340 395 1035 447; baseline -0.001 -1"><span class='ocrx_word' id='word_1_1' title='bbox 340 409 476 447; x_wconf 84' lang='lat' dir='ltr'>IDEM</span> <span class='ocrx_word' id='word_1_2' title='bbox 505 395 702 447; x_wconf 72' lang='grc' dir='ltr'><strong>ιΑΤΙΝὲ</strong></span> <span class='ocrx_word' id='word_1_3' title='bbox 731 407 1035 447; x_wconf 81' lang='lat' dir='ltr'><strong>REDDITUM.</strong></span> 
     </span>
    </p>
   </div>
   <div class='ocr_carea' id='block_1_2' title="bbox 628 553 757 575">
    <p class='ocr_par' dir='ltr' id='par_1_2' title="bbox 628 553 757 575">
     <span class='ocr_line' id='line_1_2' title="bbox 628 553 757 575; baseline 0 -9"><span class='ocrx_word' id='word_1_4' title='bbox 628 553 757 575; x_wconf 49' lang='grc' dir='ltr'>-ο-</span> 
     </span>
    </p>
   </div>
   <div class='ocr_carea' id='block_1_3' title="bbox 585 689 805 713">
    <p class='ocr_par' dir='ltr' id='par_1_3' title="bbox 585 689 805 713">
     <span class='ocr_line' id='line_1_3' title="bbox 585 689 805 713; baseline 0 0"><span class='ocrx_word' id='word_1_5' title='bbox 585 689 805 713; x_wconf 76' lang='lat' dir='ltr'>PROOEMIUM.</span> 
     </span>
    </p>
   </div>
   <div class='ocr_carea' id='block_1_4' title="bbox 165 829 1150 1049">
    <p class='ocr_par' dir='ltr' id='par_1_4' title="bbox 165 829 1103 991">
     <span class='ocr_line' id='line_1_4' title="bbox 166 829 1058 877; baseline 0 -13"><span class='ocrx_word' id='word_1_6' title='bbox 166 829 363 865; x_wconf 68' lang='lat' dir='ltr'>Mumms</span> <span class='ocrx_word' id='word_1_7' title='bbox 380 830 603 877; x_wconf 87' lang='lat' dir='ltr'>sequentium</span> <span class='ocrx_word' id='word_1_8' title='bbox 620 830 807 865; x_wconf 88' lang='lat' dir='ltr'>verborum</span> <span class='ocrx_word' id='word_1_9' title='bbox 824 835 879 865; x_wconf 84' lang='lat' dir='ltr'>est</span> <span class='ocrx_word' id='word_1_10' title='bbox 894 829 1058 869; x_wconf 86' lang='lat' dir='ltr'>historiae,</span> 
     </span>
     <span class='ocr_line' id='line_1_5' title="bbox 165 886 1103 932; baseline -0.001 -10"><span class='ocrx_word' id='word_1_11' title='bbox 165 887 327 923; x_wconf 85' lang='lat' dir='ltr'>Obscura</span> <span class='ocrx_word' id='word_1_12' title='bbox 342 887 490 931; x_wconf 87' lang='lat' dir='ltr'>scilicet,</span> <span class='ocrx_word' id='word_1_13' title='bbox 506 899 552 923; x_wconf 94' lang='lat' dir='ltr'>ne</span> <span class='ocrx_word' id='word_1_14' title='bbox 569 887 652 923; x_wconf 88' lang='lat' dir='ltr'>hinc</span> <span class='ocrx_word' id='word_1_15' title='bbox 669 887 726 923; x_wconf 87' lang='lat' dir='ltr'>cui</span> <span class='ocrx_word' id='word_1_16' title='bbox 741 887 941 923; x_wconf 87' lang='lat' dir='ltr'>offendatur</span> <span class='ocrx_word' id='word_1_17' title='bbox 955 886 1078 932; x_wconf 83' lang='lat' dir='ltr'>gloriae</span> <span class='ocrx_word' id='word_1_18' title='bbox 1094 900 1103 920; x_wconf 78' lang='lat' dir='ltr'>z</span> 
     </span>
     <span class='ocr_line' id='line_1_6' title="bbox 166 944 952 991; baseline 0 -11"><span class='ocrx_word' id='word_1_19' title='bbox 166 946 345 980; x_wconf 84' lang='lat' dir='ltr'>Assevero</span> <span class='ocrx_word' id='word_1_20' title='bbox 361 944 564 987; x_wconf 88' lang='lat' dir='ltr'>lectoribus,</span> <span class='ocrx_word' id='word_1_21' title='bbox 581 945 618 979; x_wconf 89' lang='lat' dir='ltr'>in</span> <span class='ocrx_word' id='word_1_22' title='bbox 636 944 720 980; x_wconf 67' lang='lat' dir='ltr'>casa</span> <span class='ocrx_word' id='word_1_23' title='bbox 738 950 774 980; x_wconf 89' lang='lat' dir='ltr'>et</span> <span class='ocrx_word' id='word_1_24' title='bbox 791 945 827 979; x_wconf 90' lang='lat' dir='ltr'>in</span> <span class='ocrx_word' id='word_1_25' title='bbox 843 945 952 991; x_wconf 61' lang='lat' dir='ltr'>regia,</span> 
     </span>
    </p>

    <p class='ocr_par' dir='ltr' id='par_1_5' title="bbox 168 1001 1150 1049">
     <span class='ocr_line' id='line_1_7' title="bbox 168 1001 1150 1049; baseline -0.001 -12"><span class='ocrx_word' id='word_1_26' title='bbox 168 1002 252 1038; x_wconf 89' lang='lat' dir='ltr'>Non</span> <span class='ocrx_word' id='word_1_27' title='bbox 265 1002 344 1049; x_wconf 87' lang='lat' dir='ltr'>plus</span> <span class='ocrx_word' id='word_1_28' title='bbox 361 1003 522 1038; x_wconf 83' lang='lat' dir='ltr'>minusve</span> <span class='ocrx_word' id='word_1_29' title='bbox 538 1003 609 1038; x_wconf 84' lang='lat' dir='ltr'>fide</span> <span class='ocrx_word' id='word_1_30' title='bbox 630 1002 708 1038; x_wconf 89' lang='lat' dir='ltr'>haec</span> <span class='ocrx_word' id='word_1_31' title='bbox 725 1003 901 1038; x_wconf 86' lang='lat' dir='ltr'>dicturum</span> <span class='ocrx_word' id='word_1_32' title='bbox 918 1014 975 1038; x_wconf 90' lang='lat' dir='ltr'>me</span> <span class='ocrx_word' id='word_1_33' title='bbox 993 1001 1150 1048; x_wconf 66' lang='lat' dir='ltr'>egregia.</span> 
     </span>
    </p>
   </div>
   <div class='ocr_carea' id='block_1_5' title="bbox 628 1129 759 1150">
    <p class='ocr_par' dir='ltr' id='par_1_6' title="bbox 628 1129 759 1150">
     <span class='ocr_line' id='line_1_8' title="bbox 628 1129 759 1150; baseline -0.008 -9"><span class='ocrx_word' id='word_1_34' title='bbox 628 1129 759 1150; x_wconf 38' lang='grc' dir='ltr'>ψ</span> 
     </span>
    </p>
   </div>
   <div class='ocr_carea' id='block_1_6' title="bbox 163 1226 1205 1448">
    <p class='ocr_par' dir='ltr' id='par_1_7' title="bbox 165 1226 1078 1274">
     <span class='ocr_line' id='line_1_9' title="bbox 165 1226 1078 1274; baseline -0.001 -12"><span class='ocrx_word' id='word_1_35' title='bbox 165 1228 254 1264; x_wconf 82' lang='lat' dir='ltr'>Haec</span> <span class='ocrx_word' id='word_1_36' title='bbox 270 1227 597 1274; x_wconf 84' lang='lat' dir='ltr'>tragico-comoedia</span> <span class='ocrx_word' id='word_1_37' title='bbox 615 1231 679 1269; x_wconf 87' lang='lat' dir='ltr'>est,</span> <span class='ocrx_word' id='word_1_38' title='bbox 696 1231 733 1262; x_wconf 88' lang='lat' dir='ltr'>et</span> <span class='ocrx_word' id='word_1_39' title='bbox 749 1227 815 1262; x_wconf 90' lang='lat' dir='ltr'>viri</span> <span class='ocrx_word' id='word_1_40' title='bbox 831 1231 903 1262; x_wconf 84' lang='lat' dir='ltr'>tres</span> <span class='ocrx_word' id='word_1_41' title='bbox 920 1226 1078 1268; x_wconf 86' lang='lat' dir='ltr'>verendi,</span> 
     </span>
    </p>

    <p class='ocr_par' dir='ltr' id='par_1_8' title="bbox 163 1285 1013 1331">
     <span class='ocr_line' id='line_1_10' title="bbox 163 1285 1013 1331; baseline -0.002 -10"><span class='ocrx_word' id='word_1_42' title='bbox 163 1285 235 1327; x_wconf 85' lang='lat' dir='ltr'>Qui</span> <span class='ocrx_word' id='word_1_43' title='bbox 250 1285 383 1321; x_wconf 81' lang='lat' dir='ltr'>infelici</span> <span class='ocrx_word' id='word_1_44' title='bbox 398 1290 504 1321; x_wconf 90' lang='lat' dir='ltr'>nocte</span> <span class='ocrx_word' id='word_1_45' title='bbox 518 1290 600 1320; x_wconf 87' lang='lat' dir='ltr'>sunt</span> <span class='ocrx_word' id='word_1_46' title='bbox 616 1286 759 1331; x_wconf 81' lang='lat' dir='ltr'>egressi,</span> <span class='ocrx_word' id='word_1_47' title='bbox 777 1285 989 1321; x_wconf 87' lang='lat' dir='ltr'>concinendi</span> <span class='ocrx_word' id='word_1_48' title='bbox 1004 1299 1013 1319; x_wconf 70' lang='grc' dir='ltr'><strong><em>ε</em></strong></span> 
     </span>
    </p>

    <p class='ocr_par' dir='ltr' id='par_1_9' title="bbox 167 1342 1205 1448">
     <span class='ocr_line' id='line_1_11' title="bbox 169 1342 1205 1390; baseline -0.002 -11"><span class='ocrx_word' id='word_1_49' title='bbox 169 1344 251 1385; x_wconf 83' lang='lat' dir='ltr'>Quo</span> <span class='ocrx_word' id='word_1_50' title='bbox 268 1343 524 1379; x_wconf 81' lang='lat' dir='ltr'>commensales</span> <span class='ocrx_word' id='word_1_51' title='bbox 541 1347 872 1390; x_wconf 72' lang='lat' dir='ltr'>quaererent—nam</span> <span class='ocrx_word' id='word_1_52' title='bbox 888 1355 996 1390; x_wconf 85' lang='lat' dir='ltr'>poena</span> <span class='ocrx_word' id='word_1_53' title='bbox 1011 1342 1205 1384; x_wconf 82' lang='lat' dir='ltr'>rusticatio,</span> 
     </span>
     <span class='ocr_line' id='line_1_12' title="bbox 167 1401 1016 1448; baseline -0.001 -11"><span class='ocrx_word' id='word_1_54' title='bbox 167 1402 205 1437; x_wconf 93' lang='lat' dir='ltr'>Si</span> <span class='ocrx_word' id='word_1_55' title='bbox 222 1401 300 1448; x_wconf 88' lang='lat' dir='ltr'>quis</span> <span class='ocrx_word' id='word_1_56' title='bbox 316 1401 549 1437; x_wconf 87' lang='lat' dir='ltr'>tumultuatus</span> <span class='ocrx_word' id='word_1_57' title='bbox 567 1402 622 1443; x_wconf 87' lang='lat' dir='ltr'>sit,</span> <span class='ocrx_word' id='word_1_58' title='bbox 638 1401 720 1437; x_wconf 75' lang='lat' dir='ltr'>cum</span> <span class='ocrx_word' id='word_1_59' title='bbox 736 1401 777 1436; x_wconf 91' lang='lat' dir='ltr'>fit</span> <span class='ocrx_word' id='word_1_60' title='bbox 793 1401 1016 1437; x_wconf 86' lang='lat' dir='ltr'>illuminatio.</span> 
     </span>
    </p>
   </div>
   <div class='ocr_carea' id='block_1_7' title="bbox 165 1516 1237 1737">
    <p class='ocr_par' dir='ltr' id='par_1_10' title="bbox 169 1516 1104 1564">
     <span class='ocr_line' id='line_1_13' title="bbox 169 1516 1104 1564; baseline -0.001 -12"><span class='ocrx_word' id='word_1_61' title='bbox 169 1517 254 1552; x_wconf 92' lang='lat' dir='ltr'>Non</span> <span class='ocrx_word' id='word_1_62' title='bbox 269 1517 376 1564; x_wconf 87' lang='lat' dir='ltr'>pauci</span> <span class='ocrx_word' id='word_1_63' title='bbox 394 1521 532 1552; x_wconf 81' lang='lat' dir='ltr'>atroces</span> <span class='ocrx_word' id='word_1_64' title='bbox 545 1518 710 1562; x_wconf 87' lang='lat' dir='ltr'>juvenes,</span> <span class='ocrx_word' id='word_1_65' title='bbox 731 1517 908 1563; x_wconf 84' lang='lat' dir='ltr'>Reginam</span> <span class='ocrx_word' id='word_1_66' title='bbox 925 1516 1104 1563; x_wconf 82' lang='lat' dir='ltr'>gratulati,</span> 
     </span>
    </p>

    <p class='ocr_par' dir='ltr' id='par_1_11' title="bbox 165 1573 1237 1679">
     <span class='ocr_line' id='line_1_14' title="bbox 165 1573 1237 1622; baseline -0.002 -12"><span class='ocrx_word' id='word_1_67' title='bbox 165 1575 273 1621; x_wconf 80' lang='lat' dir='ltr'>(vae!</span> <span class='ocrx_word' id='word_1_68' title='bbox 291 1580 365 1610; x_wconf 85' lang='lat' dir='ltr'>tam</span> <span class='ocrx_word' id='word_1_69' title='bbox 377 1579 543 1622; x_wconf 84' lang='lat' dir='ltr'>potentes</span> <span class='ocrx_word' id='word_1_70' title='bbox 559 1575 701 1621; x_wconf 82' lang='lat' dir='ltr'>spiritus</span> <span class='ocrx_word' id='word_1_71' title='bbox 712 1574 743 1622; x_wconf 85' lang='lat'>1)</span> <span class='ocrx_word' id='word_1_72' title='bbox 761 1580 898 1611; x_wconf 84' lang='lat' dir='ltr'>mentes</span> <span class='ocrx_word' id='word_1_73' title='bbox 914 1586 1013 1610; x_wconf 90' lang='lat' dir='ltr'>mero</span> <span class='ocrx_word' id='word_1_74' title='bbox 1028 1573 1204 1622; x_wconf 83' lang='lat' dir='ltr'>lymphati</span> <span class='ocrx_word' id='word_1_75' title='bbox 1215 1577 1237 1615; x_wconf 89' lang='lat'>¹,</span> 
     </span>
     <span class='ocr_line' id='line_1_15' title="bbox 171 1632 1100 1679; baseline 0 -12"><span class='ocrx_word' id='word_1_76' title='bbox 171 1632 286 1668; x_wconf 86' lang='lat' dir='ltr'>Civile</span> <span class='ocrx_word' id='word_1_77' title='bbox 303 1632 435 1668; x_wconf 88' lang='lat' dir='ltr'>bellum</span> <span class='ocrx_word' id='word_1_78' title='bbox 450 1638 646 1679; x_wconf 84' lang='lat' dir='ltr'>gesserant,</span> <span class='ocrx_word' id='word_1_79' title='bbox 664 1633 822 1679; x_wconf 85' lang='lat' dir='ltr'>regalem</span> <span class='ocrx_word' id='word_1_80' title='bbox 838 1633 910 1668; x_wconf 86' lang='lat' dir='ltr'>vim</span> <span class='ocrx_word' id='word_1_81' title='bbox 927 1636 1100 1674; x_wconf 85' lang='lat' dir='ltr'>amantes,</span> 
     </span>
    </p>

    <p class='ocr_par' dir='ltr' id='par_1_12' title="bbox 166 1688 1054 1737">
     <span class='ocr_line' id='line_1_16' title="bbox 166 1688 1054 1737; baseline 0 -13"><span class='ocrx_word' id='word_1_82' title='bbox 166 1689 214 1725; x_wconf 89' lang='lat' dir='ltr'>Et</span> <span class='ocrx_word' id='word_1_83' title='bbox 229 1688 321 1725; x_wconf 79' lang='lat' dir='ltr'>fuste</span> <span class='ocrx_word' id='word_1_84' title='bbox 338 1690 571 1725; x_wconf 79' lang='lat' dir='ltr'>cb&#39;ercuerant</span> <span class='ocrx_word' id='word_1_85' title='bbox 586 1690 747 1737; x_wconf 88' lang='lat' dir='ltr'>plebeios</span> <span class='ocrx_word' id='word_1_86' title='bbox 765 1696 890 1726; x_wconf 88' lang='lat' dir='ltr'>contra</span> <span class='ocrx_word' id='word_1_87' title='bbox 906 1694 1054 1726; x_wconf 87' lang='lat' dir='ltr'>stantes.</span> 
     </span>
    </p>
   </div>
   <div class='ocr_carea' id='block_1_8' title="bbox 163 1920 1091 2140">
    <p class='ocr_par' dir='ltr' id='par_1_13' title="bbox 166 1920 940 1963">
     <span class='ocr_line' id='line_1_17' title="bbox 166 1920 940 1963; baseline 0.001 -8"><span class='ocrx_word' id='word_1_88' title='bbox 166 1920 368 1961; x_wconf 78' lang='lat' dir='ltr'>Quietiores</span> <span class='ocrx_word' id='word_1_89' title='bbox 385 1921 507 1956; x_wconf 86' lang='lat' dir='ltr'>trivias</span> <span class='ocrx_word' id='word_1_90' title='bbox 525 1920 670 1956; x_wconf 85' lang='lat' dir='ltr'>effectas</span> <span class='ocrx_word' id='word_1_91' title='bbox 687 1926 793 1956; x_wconf 87' lang='lat' dir='ltr'>nocte</span> <span class='ocrx_word' id='word_1_92' title='bbox 813 1921 940 1963; x_wconf 64' lang='lat' dir='ltr'>media,</span> 
     </span>
    </p>

    <p class='ocr_par' dir='ltr' id='par_1_14' title="bbox 163 1977 1091 2140">
     <span class='ocr_line' id='line_1_18' title="bbox 165 1977 990 2026; baseline 0.002 -13"><span class='ocrx_word' id='word_1_93' title='bbox 165 1978 213 2013; x_wconf 82' lang='lat' dir='ltr'>Et</span> <span class='ocrx_word' id='word_1_94' title='bbox 228 1978 361 2025; x_wconf 86' lang='lat' dir='ltr'>petasis</span> <span class='ocrx_word' id='word_1_95' title='bbox 377 1977 578 2014; x_wconf 82' lang='lat' dir='ltr'>carentibus</span> <span class='ocrx_word' id='word_1_96' title='bbox 594 1979 758 2026; x_wconf 88' lang='lat' dir='ltr'>togisque</span> <span class='ocrx_word' id='word_1_97' title='bbox 776 1991 855 2015; x_wconf 90' lang='lat' dir='ltr'>esse</span> <span class='ocrx_word' id='word_1_98' title='bbox 871 1979 990 2020; x_wconf 71' lang='lat' dir='ltr'>taedia,</span> 
     </span>
     <span class='ocr_line' id='line_1_19' title="bbox 163 2035 1074 2081; baseline 0.001 -10"><span class='ocrx_word' id='word_1_99' title='bbox 163 2035 256 2071; x_wconf 91' lang='lat' dir='ltr'>Cum</span> <span class='ocrx_word' id='word_1_100' title='bbox 265 2037 342 2081; x_wconf 77' lang='lat' dir='ltr'>Jam</span> <span class='ocrx_word' id='word_1_101' title='bbox 357 2035 485 2072; x_wconf 68' lang='lat' dir='ltr'>hei-&amp;es</span> <span class='ocrx_word' id='word_1_102' title='bbox 503 2042 698 2079; x_wconf 87' lang='lat' dir='ltr'>senserant,</span> <span class='ocrx_word' id='word_1_103' title='bbox 714 2036 784 2072; x_wconf 89' lang='lat' dir='ltr'>hoe</span> <span class='ocrx_word' id='word_1_104' title='bbox 801 2037 891 2073; x_wconf 88' lang='lat' dir='ltr'>scito</span> <span class='ocrx_word' id='word_1_105' title='bbox 908 2036 1074 2078; x_wconf 85' lang='lat' dir='ltr'>laetiores,</span> 
     </span>
     <span class='ocr_line' id='line_1_20' title="bbox 166 2093 1091 2140; baseline 0.001 -11"><span class='ocrx_word' id='word_1_106' title='bbox 166 2093 364 2140; x_wconf 85' lang='lat' dir='ltr'>Collegium</span> <span class='ocrx_word' id='word_1_107' title='bbox 380 2094 556 2138; x_wconf 88' lang='lat' dir='ltr'>redibant,</span> <span class='ocrx_word' id='word_1_108' title='bbox 572 2106 655 2130; x_wconf 89' lang='lat' dir='ltr'>nam</span> <span class='ocrx_word' id='word_1_109' title='bbox 672 2094 824 2131; x_wconf 85' lang='lat' dir='ltr'>confecti</span> <span class='ocrx_word' id='word_1_110' title='bbox 842 2099 924 2130; x_wconf 87' lang='lat' dir='ltr'>sunt</span> <span class='ocrx_word' id='word_1_111' title='bbox 938 2095 1091 2131; x_wconf 87' lang='lat' dir='ltr'>labores.</span> 
     </span>
    </p>
   </div>
   <div class='ocr_carea' id='block_1_9' title="bbox 235 2229 1113 2274">
    <p class='ocr_par' dir='ltr' id='par_1_15' title="bbox 235 2229 1113 2274">
     <span class='ocr_line' id='line_1_21' title="bbox 235 2229 1113 2274; baseline 0.002 -11"><span class='ocrx_word' id='word_1_112' title='bbox 235 2229 245 2249; x_wconf 89' lang='lat'>¹</span> <span class='ocrx_word' id='word_1_113' title='bbox 270 2232 292 2248; x_wconf 75' lang='lat'>‘⁴</span> <span class='ocrx_word' id='word_1_114' title='bbox 305 2231 519 2272; x_wconf 85' lang='lat' dir='ltr'>Mentemque</span> <span class='ocrx_word' id='word_1_115' title='bbox 537 2233 742 2274; x_wconf 82' lang='lat' dir='ltr'>lymphatam</span> <span class='ocrx_word' id='word_1_116' title='bbox 759 2232 1113 2266; x_wconf 75' lang='lat' dir='ltr'>Mareotico.&#39;&#39;—H01³.</span> 
     </span>
    </p>
   </div>
  </div>
 </body>
</html>
