1422 2476
722 196 770 236 11

150 381 334 423 Inveniat
351 381 479 421 donec
498 379 616 432 piano
634 384 760 419 tectus
777 376 951 430 asylum.
969 380 1003 404 ¹⁰

152 486 242 527 Nee
258 485 403 525 misero
421 483 606 538 prodesse
625 482 666 522 in
686 481 757 523 tali
775 488 951 534 tempore
970 480 1111 534 quibat

153 589 359 644 Mudfogii
377 596 515 638 caetus,
538 602 611 628 nec
629 587 799 628 Cabinet
815 585 1132 639 Eneyclopaedy.

155 694 260 734 Haec
280 694 378 733 dum
396 706 602 733 narramus
621 690 750 732 citiori
770 690 956 730 machina
977 695 1089 730 motu

156 800 269 838 Arva
285 811 356 851 per
373 804 412 838 et
428 796 551 837 saltus
570 809 718 849 perque
737 795 877 835 intima
894 794 1050 834 viscera
1067 800 1184 834 terrae
1239 815 1242 817 >

156 901 434 955 Progredstur,
455 913 592 952 passus
610 898 756 952 viginti
774 897 883 938 mille
903 912 973 951 per
990 897 1130 937 horam

148 1003 389 1055 Tranantur‚
409 1003 574 1043 totidem
594 1002 762 1055 lapides,
783 1001 1029 1054 totidemque
1050 1001 1295 1040 Policemeu.

219 1213 299 1252 Sed
318 1225 367 1251 ue
386 1212 486 1252 forte
505 1218 618 1264 putes
637 1209 748 1252 nullo
766 1218 909 1251 vexata
928 1209 1077 1264 periclo

163 1316 345 1369 Corpora
362 1315 512 1355 vectari
530 1314 714 1354 mortalia
731 1321 894 1368 tutaque
912 1328 1095 1368 semper3

165 1421 375 1466 Interdum
393 1419 581 1461 attonitos
596 1419 733 1460 collidi
751 1433 954 1459 murmure
979 1434 1130 1469 currus,

167 1526 402 1578 Cunctaque
420 1524 676 1577 conquassari
694 1524 735 1562 in
755 1537 877 1577 parvo
902 1530 1077 1577 tempore
1096 1538 1260 1574 cernes;

170 1630 290 1679 Quod
309 1628 449 1682 procul
465 1642 491 1668 a.
507 1628 620 1668 nobis
637 1628 773 1668 flectat
791 1628 951 1668 fortuna
967 1629 1206 1682 gubernans·

169 1734 274 1774 'rum
293 1733 404 1791 piget
421 1733 583 1787 incepti,
602 1746 724 1785 quam
745 1732 892 1773 vellent
911 1733 1069 1773 tramite
1089 1734 1218 1786 prisco

214 1901 243 1925 ¹0
263 1903 367 1934 Ram
387 1906 476 1934 team
498 1900 640 1944 asylum]
686 1902 744 1934 See
757 1907 887 1933 account
908 1902 943 1933 of
959 1903 1140 1945 castigati-m
1155 1904 1190 1935 of
1206 1905 1261 1937 the
1277 1907 1374 1940 above

169 1979 296 2011 learned
313 1979 427 2011 Ductor
439 1984 473 2011 at
487 1979 587 2017 Paris,
601 1979 758 2010 described
780 1978 812 2010 in
835 1979 877 2010 all
899 1979 951 2011 the
973 1980 1096 2023 leading
1109 1982 1254 2014 Journals
1268 1983 1304 2015 of
1320 1984 1375 2016 the

173 2055 246 2096 day.
