<?xml version="1.0" encoding="UTF-8"?>
<!DOCTYPE html PUBLIC "-//W3C//DTD XHTML 1.0 Transitional//EN"
    "http://www.w3.org/TR/xhtml1/DTD/xhtml1-transitional.dtd">
<html xmlns="http://www.w3.org/1999/xhtml" xml:lang="en" lang="en">
 <head>
  <title>
</title>
<meta http-equiv="Content-Type" content="text/html;charset=utf-8" />
  <meta name='ocr-system' content='tesseract 3.04.00' />
  <meta name='ocr-capabilities' content='ocr_page ocr_carea ocr_par ocr_line ocrx_word'/>
</head>
<body>
  <div class='ocr_page' id='page_1' title='image "./oxoniensa00oxonuoft_0107.png"; bbox 0 0 1358 2470; ppageno 0'>
   <div class='ocr_carea' id='block_1_1' title="bbox 318 251 1070 280">
    <p class='ocr_par' dir='ltr' id='par_1_1' title="bbox 318 251 1070 280">
     <span class='ocr_line' id='line_1_1' title="bbox 318 251 1070 280; baseline -0.003 -1"><span class='ocrx_word' id='word_1_1' title='bbox 318 252 542 280; x_wconf 73' lang='lat' dir='ltr'><strong>&#39;rmtJuPux</strong></span> <span class='ocrx_word' id='word_1_2' title='bbox 565 252 706 278; x_wconf 73' lang='lat' dir='ltr'>POMPA</span> <span class='ocrx_word' id='word_1_3' title='bbox 724 252 836 279; x_wconf 72' lang='lat' dir='ltr'>APUD</span> <span class='ocrx_word' id='word_1_4' title='bbox 858 251 1070 279; x_wconf 72' lang='lat' dir='ltr'><strong>BOMANOS·</strong></span> 
     </span>
    </p>
   </div>
   <div class='ocr_carea' id='block_1_2' title="bbox 95 359 1192 2284">
    <p class='ocr_par' dir='ltr' id='par_1_2' title="bbox 95 359 1088 692">
     <span class='ocr_line' id='line_1_2' title="bbox 96 359 1088 412; baseline -0.002 -13"><span class='ocrx_word' id='word_1_5' title='bbox 96 361 183 405; x_wconf 59' lang='lat' dir='ltr'><strong>Qun</strong></span> <span class='ocrx_word' id='word_1_6' title='bbox 205 362 294 412; x_wconf 84' lang='lat' dir='ltr'><strong>suga</strong></span> <span class='ocrx_word' id='word_1_7' title='bbox 314 361 550 406; x_wconf 85' lang='lat' dir='ltr'>Parthorum,</span> <span class='ocrx_word' id='word_1_8' title='bbox 568 361 738 412; x_wconf 85' lang='lat' dir='ltr'><strong>torvique</strong></span> <span class='ocrx_word' id='word_1_9' title='bbox 756 360 943 412; x_wconf 84' lang='lat' dir='ltr'><strong>insculpta</strong></span> <span class='ocrx_word' id='word_1_10' title='bbox 963 359 1088 398; x_wconf 84' lang='lat' dir='ltr'><strong>Severi</strong></span> 
     </span>
     <span class='ocr_line' id='line_1_3' title="bbox 98 429 874 482; baseline -0.004 -13"><span class='ocrx_word' id='word_1_11' title='bbox 98 430 253 482; x_wconf 81' lang='lat' dir='ltr'><strong>Effigies</strong></span> <span class='ocrx_word' id='word_1_12' title='bbox 270 431 387 478; x_wconf 82' lang='lat' dir='ltr'><strong>nitet3</strong></span> <span class='ocrx_word' id='word_1_13' title='bbox 415 439 480 468; x_wconf 83' lang='lat' dir='ltr'><strong>unt</strong></span> <span class='ocrx_word' id='word_1_14' title='bbox 497 443 634 468; x_wconf 88' lang='lat' dir='ltr'><strong>eversae</strong></span> <span class='ocrx_word' id='word_1_15' title='bbox 652 429 729 467; x_wconf 81' lang='lat' dir='ltr'><strong>sata</strong></span> <span class='ocrx_word' id='word_1_16' title='bbox 748 429 874 467; x_wconf 90' lang='lat' dir='ltr'><strong>Sionis</strong></span> 
     </span>
     <span class='ocr_line' id='line_1_4' title="bbox 95 499 1066 551; baseline -0.003 -13"><span class='ocrx_word' id='word_1_17' title='bbox 95 501 278 551; x_wconf 71' lang='lat' dir='ltr'><strong>Aspicies,</strong></span> <span class='ocrx_word' id='word_1_18' title='bbox 297 508 501 551; x_wconf 81' lang='lat' dir='ltr'><strong>sanctoque</strong></span> <span class='ocrx_word' id='word_1_19' title='bbox 521 500 678 550; x_wconf 86' lang='lat' dir='ltr'><strong>Aquilas</strong></span> <span class='ocrx_word' id='word_1_20' title='bbox 695 499 863 536; x_wconf 85' lang='lat' dir='ltr'>insistere</span> <span class='ocrx_word' id='word_1_21' title='bbox 881 499 1066 550; x_wconf 89' lang='lat' dir='ltr'><strong>Templo;</strong></span> 
     </span>
     <span class='ocr_line' id='line_1_5' title="bbox 99 569 978 621; baseline -0.003 -13"><span class='ocrx_word' id='word_1_22' title='bbox 99 571 183 608; x_wconf 88' lang='lat' dir='ltr'><strong>Nec</strong></span> <span class='ocrx_word' id='word_1_23' title='bbox 201 571 331 621; x_wconf 86' lang='lat' dir='ltr'><strong>procul</strong></span> <span class='ocrx_word' id='word_1_24' title='bbox 349 570 450 607; x_wconf 85' lang='lat' dir='ltr'><strong>illius</strong></span> <span class='ocrx_word' id='word_1_25' title='bbox 469 569 610 613; x_wconf 84' lang='lat' dir='ltr'><strong>titulos,</strong></span> <span class='ocrx_word' id='word_1_26' title='bbox 630 569 818 620; x_wconf 70' lang='lat' dir='ltr'><strong>Byzantia</strong></span> <span class='ocrx_word' id='word_1_27' title='bbox 834 569 978 619; x_wconf 90' lang='lat' dir='ltr'><strong>primus</strong></span> 
     </span>
     <span class='ocr_line' id='line_1_6' title="bbox 98 638 987 692; baseline -0.003 -14"><span class='ocrx_word' id='word_1_28' title='bbox 98 641 247 679; x_wconf 85' lang='lat' dir='ltr'><strong>Moenia</strong></span> <span class='ocrx_word' id='word_1_29' title='bbox 265 641 331 692; x_wconf 90' lang='lat' dir='ltr'><strong>qui</strong></span> <span class='ocrx_word' id='word_1_30' title='bbox 348 641 478 691; x_wconf 83' lang='lat' dir='ltr'><strong>patriae</strong></span> <span class='ocrx_word' id='word_1_31' title='bbox 500 639 694 677; x_wconf 86' lang='lat' dir='ltr'><strong>Romanus</strong></span> <span class='ocrx_word' id='word_1_32' title='bbox 710 638 875 689; x_wconf 86' lang='lat' dir='ltr'><strong>praetulit</strong></span> <span class='ocrx_word' id='word_1_33' title='bbox 894 639 987 675; x_wconf 86' lang='lat' dir='ltr'><strong>urbi.</strong></span> 
     </span>
    </p>

    <p class='ocr_par' dir='ltr' id='par_1_3' title="bbox 99 708 1188 1106">
     <span class='ocr_line' id='line_1_7' title="bbox 151 708 916 760; baseline -0.001 -14"><span class='ocrx_word' id='word_1_34' title='bbox 151 709 271 747; x_wconf 88' lang='lat' dir='ltr'><strong>Suave</strong></span> <span class='ocrx_word' id='word_1_35' title='bbox 290 709 474 747; x_wconf 84' lang='lat' dir='ltr'>laboratas</span> <span class='ocrx_word' id='word_1_36' title='bbox 490 709 610 746; x_wconf 89' lang='lat' dir='ltr'><strong>moles</strong></span> <span class='ocrx_word' id='word_1_37' title='bbox 628 718 666 746; x_wconf 85' lang='lat' dir='ltr'><strong>et</strong></span> <span class='ocrx_word' id='word_1_38' title='bbox 682 709 803 760; x_wconf 80' lang='lat' dir='ltr'><strong>prisca</strong></span> <span class='ocrx_word' id='word_1_39' title='bbox 820 708 916 745; x_wconf 81' lang='lat' dir='ltr'><strong>tueri</strong></span> 
     </span>
     <span class='ocr_line' id='line_1_8' title="bbox 99 775 1188 829; baseline -0.003 -13"><span class='ocrx_word' id='word_1_40' title='bbox 99 779 305 823; x_wconf 85' lang='lat' dir='ltr'><strong>Marmora,</strong></span> <span class='ocrx_word' id='word_1_41' title='bbox 323 779 430 829; x_wconf 79' lang='lat' dir='ltr'><strong>queis</strong></span> <span class='ocrx_word' id='word_1_42' title='bbox 445 791 594 829; x_wconf 83' lang='lat' dir='ltr'><strong>magnae</strong></span> <span class='ocrx_word' id='word_1_43' title='bbox 612 778 732 816; x_wconf 88' lang='lat' dir='ltr'><strong>laudis</strong></span> <span class='ocrx_word' id='word_1_44' title='bbox 750 790 856 815; x_wconf 89' lang='lat' dir='ltr'><strong>mens</strong></span> <span class='ocrx_word' id='word_1_45' title='bbox 874 777 1033 821; x_wconf 83' lang='lat' dir='ltr'><strong>conscia,</strong></span> <span class='ocrx_word' id='word_1_46' title='bbox 1053 775 1188 814; x_wconf 86' lang='lat' dir='ltr'><strong>famam</strong></span> 
     </span>
     <span class='ocr_line' id='line_1_9' title="bbox 101 847 1014 899; baseline -0.002 -13"><span class='ocrx_word' id='word_1_47' title='bbox 101 849 303 899; x_wconf 78' lang='lat' dir='ltr'>Indignata</span> <span class='ocrx_word' id='word_1_48' title='bbox 318 849 470 885; x_wconf 88' lang='lat' dir='ltr'><strong>brevem</strong></span> <span class='ocrx_word' id='word_1_49' title='bbox 489 848 687 898; x_wconf 79' lang='lat' dir='ltr'><strong>tacitaeque</strong></span> <span class='ocrx_word' id='word_1_50' title='bbox 706 848 853 885; x_wconf 85' lang='lat' dir='ltr'><strong>silentia</strong></span> <span class='ocrx_word' id='word_1_51' title='bbox 868 847 1014 891; x_wconf 87' lang='lat' dir='ltr'><strong>mortis,</strong></span> 
     </span>
     <span class='ocr_line' id='line_1_10' title="bbox 101 917 1096 968; baseline -0.001 -14"><span class='ocrx_word' id='word_1_52' title='bbox 101 917 295 968; x_wconf 84' lang='lat' dir='ltr'><strong>Impressit</strong></span> <span class='ocrx_word' id='word_1_53' title='bbox 311 927 555 954; x_wconf 86' lang='lat' dir='ltr'><strong>monumenta</strong></span> <span class='ocrx_word' id='word_1_54' title='bbox 571 918 642 961; x_wconf 90' lang='lat' dir='ltr'><strong>sui,</strong></span> <span class='ocrx_word' id='word_1_55' title='bbox 660 917 955 967; x_wconf 79' lang='lat' dir='ltr'><strong>simulachraque</strong></span> <span class='ocrx_word' id='word_1_56' title='bbox 972 928 1096 954; x_wconf 82' lang='lat' dir='ltr'><strong>rerum</strong></span> 
     </span>
     <span class='ocr_line' id='line_1_11' title="bbox 101 985 984 1036; baseline -0.001 -13"><span class='ocrx_word' id='word_1_57' title='bbox 101 986 269 1033; x_wconf 82' lang='lat' dir='ltr'><strong>Indidit3</strong></span> <span class='ocrx_word' id='word_1_58' title='bbox 295 987 525 1036; x_wconf 85' lang='lat' dir='ltr'><strong>heroumque</strong></span> <span class='ocrx_word' id='word_1_59' title='bbox 543 987 687 1023; x_wconf 85' lang='lat' dir='ltr'><strong>animos</strong></span> <span class='ocrx_word' id='word_1_60' title='bbox 705 994 743 1023; x_wconf 87' lang='lat' dir='ltr'><strong>et</strong></span> <span class='ocrx_word' id='word_1_61' title='bbox 761 985 870 1023; x_wconf 81' lang='lat' dir='ltr'><strong>fortia</strong></span> <span class='ocrx_word' id='word_1_62' title='bbox 888 985 984 1023; x_wconf 72' lang='lat' dir='ltr'><strong>sacta</strong></span> 
     </span>
     <span class='ocr_line' id='line_1_12' title="bbox 102 1055 944 1106; baseline -0.001 -14"><span class='ocrx_word' id='word_1_63' title='bbox 102 1055 238 1093; x_wconf 76' lang='lat' dir='ltr'><strong>Miraxi</strong></span> <span class='ocrx_word' id='word_1_64' title='bbox 255 1056 295 1092; x_wconf 92' lang='lat' dir='ltr'><strong>in</strong></span> <span class='ocrx_word' id='word_1_65' title='bbox 312 1068 416 1099; x_wconf 82' lang='lat' dir='ltr'><strong>saxo,</strong></span> <span class='ocrx_word' id='word_1_66' title='bbox 435 1055 610 1106; x_wconf 87' lang='lat' dir='ltr'><strong>vivosque</strong></span> <span class='ocrx_word' id='word_1_67' title='bbox 629 1055 791 1092; x_wconf 82' lang='lat' dir='ltr'><strong>ediscere</strong></span> <span class='ocrx_word' id='word_1_68' title='bbox 809 1055 944 1092; x_wconf 86' lang='lat' dir='ltr'><strong>vultus.</strong></span> 
     </span>
    </p>

    <p class='ocr_par' dir='ltr' id='par_1_4' title="bbox 102 1124 1192 2284">
     <span class='ocr_line' id='line_1_13' title="bbox 156 1124 1030 1169; baseline -0.001 -7"><span class='ocrx_word' id='word_1_69' title='bbox 156 1125 316 1169; x_wconf 58' lang='lat' dir='ltr'><strong>Interes,</strong></span> <span class='ocrx_word' id='word_1_70' title='bbox 334 1126 467 1162; x_wconf 89' lang='lat' dir='ltr'><strong>obtutu</strong></span> <span class='ocrx_word' id='word_1_71' title='bbox 485 1124 574 1162; x_wconf 88' lang='lat' dir='ltr'><strong>dum</strong></span> <span class='ocrx_word' id='word_1_72' title='bbox 594 1124 661 1162; x_wconf 89' lang='lat' dir='ltr'><strong>fixi</strong></span> <span class='ocrx_word' id='word_1_73' title='bbox 678 1125 864 1162; x_wconf 86' lang='lat' dir='ltr'><strong>haeremus</strong></span> <span class='ocrx_word' id='word_1_74' title='bbox 881 1126 922 1161; x_wconf 89' lang='lat' dir='ltr'><strong>in</strong></span> <span class='ocrx_word' id='word_1_75' title='bbox 941 1137 1030 1169; x_wconf 89' lang='lat' dir='ltr'><strong>uno,</strong></span> 
     </span>
     <span class='ocr_line' id='line_1_14' title="bbox 105 1194 898 1244; baseline 0 -13"><span class='ocrx_word' id='word_1_76' title='bbox 105 1194 290 1231; x_wconf 88' lang='lat' dir='ltr'><strong>Paulatim</strong></span> <span class='ocrx_word' id='word_1_77' title='bbox 308 1202 434 1244; x_wconf 78' lang='lat' dir='ltr'><strong>raptos</strong></span> <span class='ocrx_word' id='word_1_78' title='bbox 451 1206 583 1244; x_wconf 88' lang='lat' dir='ltr'><strong>cepere</strong></span> <span class='ocrx_word' id='word_1_79' title='bbox 601 1194 738 1231; x_wconf 85' lang='lat' dir='ltr'><strong>oblivia</strong></span> <span class='ocrx_word' id='word_1_80' title='bbox 755 1206 898 1238; x_wconf 90' lang='lat' dir='ltr'><strong>sensus,</strong></span> 
     </span>
     <span class='ocr_line' id='line_1_15' title="bbox 102 1263 1050 1315; baseline 0 -15"><span class='ocrx_word' id='word_1_81' title='bbox 102 1263 297 1315; x_wconf 86' lang='lat' dir='ltr'><strong>Scenaque</strong></span> <span class='ocrx_word' id='word_1_82' title='bbox 314 1263 466 1307; x_wconf 86' lang='lat' dir='ltr'><strong>mutari,</strong></span> <span class='ocrx_word' id='word_1_83' title='bbox 484 1272 522 1300; x_wconf 84' lang='lat' dir='ltr'><strong>et</strong></span> <span class='ocrx_word' id='word_1_84' title='bbox 538 1276 662 1300; x_wconf 88' lang='lat' dir='ltr'><strong>rerum</strong></span> <span class='ocrx_word' id='word_1_85' title='bbox 681 1263 890 1300; x_wconf 86' lang='lat' dir='ltr'><strong>veneranda</strong></span> <span class='ocrx_word' id='word_1_86' title='bbox 906 1264 1050 1301; x_wconf 84' lang='lat' dir='ltr'><strong>renasci</strong></span> 
     </span>
     <span class='ocr_line' id='line_1_16' title="bbox 102 1332 1192 1383; baseline -0.002 -13"><span class='ocrx_word' id='word_1_87' title='bbox 102 1332 282 1376; x_wconf 84' lang='lat' dir='ltr'><strong>Nomina,</strong></span> <span class='ocrx_word' id='word_1_88' title='bbox 295 1332 452 1383; x_wconf 83' lang='lat' dir='ltr'><strong>jamque</strong></span> <span class='ocrx_word' id='word_1_89' title='bbox 470 1332 587 1370; x_wconf 84' lang='lat' dir='ltr'><strong>oculis</strong></span> <span class='ocrx_word' id='word_1_90' title='bbox 605 1333 747 1383; x_wconf 87' lang='lat' dir='ltr'><strong>species</strong></span> <span class='ocrx_word' id='word_1_91' title='bbox 763 1345 859 1370; x_wconf 85' lang='lat' dir='ltr'><strong>nova</strong></span> <span class='ocrx_word' id='word_1_92' title='bbox 877 1345 1028 1383; x_wconf 82' lang='lat' dir='ltr'><strong>surgere</strong></span> <span class='ocrx_word' id='word_1_93' title='bbox 1046 1333 1192 1370; x_wconf 87' lang='lat' dir='ltr'><strong>nostris.</strong></span> 
     </span>
     <span class='ocr_line' id='line_1_17' title="bbox 106 1401 999 1453; baseline 0.001 -14"><span class='ocrx_word' id='word_1_94' title='bbox 106 1401 228 1439; x_wconf 80' lang='lat' dir='ltr'><strong>Roma</strong></span> <span class='ocrx_word' id='word_1_95' title='bbox 245 1408 356 1453; x_wconf 83' lang='lat' dir='ltr'><strong>caput</strong></span> <span class='ocrx_word' id='word_1_96' title='bbox 371 1401 504 1439; x_wconf 89' lang='lat' dir='ltr'><strong>mundi</strong></span> <span class='ocrx_word' id='word_1_97' title='bbox 519 1409 662 1452; x_wconf 84' lang='lat' dir='ltr'><strong>septem</strong></span> <span class='ocrx_word' id='word_1_98' title='bbox 681 1402 799 1439; x_wconf 88' lang='lat' dir='ltr'><strong>divisa</strong></span> <span class='ocrx_word' id='word_1_99' title='bbox 815 1415 881 1453; x_wconf 88' lang='lat' dir='ltr'><strong>per</strong></span> <span class='ocrx_word' id='word_1_100' title='bbox 898 1415 999 1440; x_wconf 81' lang='lat' dir='ltr'><strong>arces</strong></span> 
     </span>
     <span class='ocr_line' id='line_1_18' title="bbox 105 1468 1037 1518; baseline 0.001 -12"><span class='ocrx_word' id='word_1_101' title='bbox 105 1468 274 1507; x_wconf 60' lang='lat' dir='ltr'><strong>Adversa</strong></span> <span class='ocrx_word' id='word_1_102' title='bbox 291 1471 359 1507; x_wconf 92' lang='lat' dir='ltr'><strong>sub</strong></span> <span class='ocrx_word' id='word_1_103' title='bbox 378 1469 462 1507; x_wconf 91' lang='lat' dir='ltr'><strong>luce</strong></span> <span class='ocrx_word' id='word_1_104' title='bbox 479 1471 598 1518; x_wconf 80' lang='lat' dir='ltr'><strong>nitet3</strong></span> <span class='ocrx_word' id='word_1_105' title='bbox 625 1482 701 1507; x_wconf 89' lang='lat' dir='ltr'><strong>non</strong></span> <span class='ocrx_word' id='word_1_106' title='bbox 719 1482 901 1508; x_wconf 85' lang='lat' dir='ltr'><strong>marmore</strong></span> <span class='ocrx_word' id='word_1_107' title='bbox 921 1469 1037 1507; x_wconf 79' lang='lat' dir='ltr'><strong>Graio</strong></span> 
     </span>
     <span class='ocr_line' id='line_1_19' title="bbox 106 1539 1048 1591; baseline -0.001 -15"><span class='ocrx_word' id='word_1_108' title='bbox 106 1540 184 1576; x_wconf 90' lang='lat' dir='ltr'><strong>Aut</strong></span> <span class='ocrx_word' id='word_1_109' title='bbox 200 1539 438 1590; x_wconf 84' lang='lat' dir='ltr'><strong>AEgyptiacis</strong></span> <span class='ocrx_word' id='word_1_110' title='bbox 456 1539 654 1591; x_wconf 86' lang='lat' dir='ltr'><strong>splendens</strong></span> <span class='ocrx_word' id='word_1_111' title='bbox 673 1539 832 1576; x_wconf 67' lang='lat' dir='ltr'><strong>sublime</strong></span> <span class='ocrx_word' id='word_1_112' title='bbox 851 1539 1048 1584; x_wconf 84' lang='lat' dir='ltr'><strong>columnis,</strong></span> 
     </span>
     <span class='ocr_line' id='line_1_20' title="bbox 110 1608 967 1659; baseline -0.001 -13"><span class='ocrx_word' id='word_1_113' title='bbox 110 1609 258 1646; x_wconf 85' lang='lat' dir='ltr'><strong>Intonsi</strong></span> <span class='ocrx_word' id='word_1_114' title='bbox 277 1608 340 1645; x_wconf 90' lang='lat' dir='ltr'><strong>sed</strong></span> <span class='ocrx_word' id='word_1_115' title='bbox 360 1609 480 1659; x_wconf 84' lang='lat' dir='ltr'><strong>qualis</strong></span> <span class='ocrx_word' id='word_1_116' title='bbox 498 1617 577 1646; x_wconf 84' lang='lat' dir='ltr'><strong>erat</strong></span> <span class='ocrx_word' id='word_1_117' title='bbox 594 1609 663 1646; x_wconf 90' lang='lat' dir='ltr'><strong>sub</strong></span> <span class='ocrx_word' id='word_1_118' title='bbox 682 1608 781 1646; x_wconf 84' lang='lat' dir='ltr'><strong>fasce</strong></span> <span class='ocrx_word' id='word_1_119' title='bbox 798 1608 967 1645; x_wconf 84' lang='lat' dir='ltr'><strong>modesto</strong></span> 
     </span>
     <span class='ocr_line' id='line_1_21' title="bbox 110 1677 1128 1730; baseline -0.001 -14"><span class='ocrx_word' id='word_1_120' title='bbox 110 1678 308 1730; x_wconf 76' lang='lat' dir='ltr'><strong>Scipiadae,</strong></span> <span class='ocrx_word' id='word_1_121' title='bbox 330 1678 577 1729; x_wconf 67' lang='lat' dir='ltr'><strong>Fabiumque,</strong></span> <span class='ocrx_word' id='word_1_122' title='bbox 596 1678 659 1715; x_wconf 87' lang='lat' dir='ltr'><strong>ubi</strong></span> <span class='ocrx_word' id='word_1_123' title='bbox 671 1677 750 1726; x_wconf 89' lang='lat' dir='ltr'><strong>jam</strong></span> <span class='ocrx_word' id='word_1_124' title='bbox 770 1677 815 1714; x_wconf 92' lang='lat' dir='ltr'><strong>de</strong></span> <span class='ocrx_word' id='word_1_125' title='bbox 835 1677 976 1715; x_wconf 85' lang='lat' dir='ltr'><strong>Tibure</strong></span> <span class='ocrx_word' id='word_1_126' title='bbox 997 1690 1128 1715; x_wconf 82' lang='lat' dir='ltr'><strong>saxum</strong></span> 
     </span>
     <span class='ocr_line' id='line_1_22' title="bbox 109 1746 1039 1799; baseline -0.001 -13"><span class='ocrx_word' id='word_1_127' title='bbox 109 1747 374 1799; x_wconf 85' lang='lat' dir='ltr'><strong>Magnificum,</strong></span> <span class='ocrx_word' id='word_1_128' title='bbox 394 1754 431 1784; x_wconf 88' lang='lat' dir='ltr'><strong>et</strong></span> <span class='ocrx_word' id='word_1_129' title='bbox 449 1747 536 1784; x_wconf 88' lang='lat' dir='ltr'><strong>solis</strong></span> <span class='ocrx_word' id='word_1_130' title='bbox 554 1746 752 1784; x_wconf 77' lang='lat' dir='ltr'><strong>credebant</strong></span> <span class='ocrx_word' id='word_1_131' title='bbox 770 1747 859 1784; x_wconf 88' lang='lat' dir='ltr'><strong>utile</strong></span> <span class='ocrx_word' id='word_1_132' title='bbox 878 1747 1039 1798; x_wconf 85' lang='lat' dir='ltr'><strong>templis.</strong></span> 
     </span>
     <span class='ocr_line' id='line_1_23' title="bbox 109 1815 1036 1867; baseline -0.001 -13"><span class='ocrx_word' id='word_1_133' title='bbox 109 1816 288 1867; x_wconf 84' lang='lat' dir='ltr'><strong>Undique</strong></span> <span class='ocrx_word' id='word_1_134' title='bbox 306 1815 479 1854; x_wconf 80' lang='lat' dir='ltr'><strong>candenti</strong></span> <span class='ocrx_word' id='word_1_135' title='bbox 496 1824 734 1867; x_wconf 83' lang='lat' dir='ltr'><strong>properantes</strong></span> <span class='ocrx_word' id='word_1_136' title='bbox 750 1824 850 1854; x_wconf 88' lang='lat' dir='ltr'><strong>veste</strong></span> <span class='ocrx_word' id='word_1_137' title='bbox 870 1816 1036 1859; x_wconf 80' lang='lat' dir='ltr'><strong>Quirites</strong></span> 
     </span>
     <span class='ocr_line' id='line_1_24' title="bbox 110 1883 999 1936; baseline 0 -13"><span class='ocrx_word' id='word_1_138' title='bbox 110 1886 224 1923; x_wconf 80' lang='lat' dir='ltr'><strong>Sacra</strong></span> <span class='ocrx_word' id='word_1_139' title='bbox 242 1884 387 1922; x_wconf 85' lang='lat' dir='ltr'><strong>ferunt:</strong></span> <span class='ocrx_word' id='word_1_140' title='bbox 413 1897 500 1935; x_wconf 82' lang='lat' dir='ltr'><strong>pars</strong></span> <span class='ocrx_word' id='word_1_141' title='bbox 518 1883 665 1922; x_wconf 83' lang='lat' dir='ltr'><strong>festivas</strong></span> <span class='ocrx_word' id='word_1_142' title='bbox 683 1886 873 1936; x_wconf 84' lang='lat' dir='ltr'><strong>accingere</strong></span> <span class='ocrx_word' id='word_1_143' title='bbox 891 1886 999 1923; x_wconf 86' lang='lat' dir='ltr'><strong>lauru</strong></span> 
     </span>
     <span class='ocr_line' id='line_1_25' title="bbox 111 1952 1054 2005; baseline 0 -13"><span class='ocrx_word' id='word_1_144' title='bbox 111 1954 338 1992; x_wconf 80' lang='lat' dir='ltr'><strong>Coneertant</strong></span> <span class='ocrx_word' id='word_1_145' title='bbox 355 1954 400 1991; x_wconf 86' lang='lat' dir='ltr'><strong>de</strong></span> <span class='ocrx_word' id='word_1_146' title='bbox 419 1966 522 1991; x_wconf 87' lang='lat' dir='ltr'><strong>more</strong></span> <span class='ocrx_word' id='word_1_147' title='bbox 542 1952 650 1999; x_wconf 84' lang='lat' dir='ltr'><strong>fores,</strong></span> <span class='ocrx_word' id='word_1_148' title='bbox 668 1967 754 2005; x_wconf 87' lang='lat' dir='ltr'><strong>pars</strong></span> <span class='ocrx_word' id='word_1_149' title='bbox 771 1963 918 1993; x_wconf 87' lang='lat' dir='ltr'><strong>nectere</strong></span> <span class='ocrx_word' id='word_1_150' title='bbox 936 1955 1054 1992; x_wconf 86' lang='lat' dir='ltr'><strong>multo</strong></span> 
     </span>
     <span class='ocr_line' id='line_1_26' title="bbox 113 2023 1051 2075; baseline 0 -13"><span class='ocrx_word' id='word_1_151' title='bbox 113 2024 220 2063; x_wconf 89' lang='lat' dir='ltr'><strong>Flore</strong></span> <span class='ocrx_word' id='word_1_152' title='bbox 241 2023 358 2068; x_wconf 88' lang='lat' dir='ltr'><strong>Deos,</strong></span> <span class='ocrx_word' id='word_1_153' title='bbox 377 2032 415 2061; x_wconf 88' lang='lat' dir='ltr'><strong>et</strong></span> <span class='ocrx_word' id='word_1_154' title='bbox 433 2024 542 2060; x_wconf 86' lang='lat' dir='ltr'><strong>thura</strong></span> <span class='ocrx_word' id='word_1_155' title='bbox 559 2036 689 2061; x_wconf 87' lang='lat' dir='ltr'><strong>omnes</strong></span> <span class='ocrx_word' id='word_1_156' title='bbox 707 2024 853 2062; x_wconf 85' lang='lat' dir='ltr'><strong>adolere</strong></span> <span class='ocrx_word' id='word_1_157' title='bbox 871 2037 938 2075; x_wconf 89' lang='lat' dir='ltr'><strong>per</strong></span> <span class='ocrx_word' id='word_1_158' title='bbox 956 2037 1051 2062; x_wconf 83' lang='lat' dir='ltr'><strong>aras.</strong></span> 
     </span>
     <span class='ocr_line' id='line_1_27' title="bbox 112 2093 900 2132; baseline -0.003 0"><span class='ocrx_word' id='word_1_159' title='bbox 112 2093 302 2132; x_wconf 79' lang='lat' dir='ltr'><strong>obsedere</strong></span> <span class='ocrx_word' id='word_1_160' title='bbox 320 2093 383 2130; x_wconf 86' lang='lat' dir='ltr'><strong>alii</strong></span> <span class='ocrx_word' id='word_1_161' title='bbox 402 2101 519 2130; x_wconf 85' lang='lat' dir='ltr'><strong>turres</strong></span> <span class='ocrx_word' id='word_1_162' title='bbox 536 2099 574 2129; x_wconf 91' lang='lat' dir='ltr'><strong>et</strong></span> <span class='ocrx_word' id='word_1_163' title='bbox 591 2093 688 2131; x_wconf 81' lang='lat' dir='ltr'><strong>celsa</strong></span> <span class='ocrx_word' id='word_1_164' title='bbox 705 2093 900 2131; x_wconf 88' lang='lat' dir='ltr'><strong>domorum</strong></span> 
     </span>
     <span class='ocr_line' id='line_1_28' title="bbox 112 2162 1170 2215; baseline 0.002 -14"><span class='ocrx_word' id='word_1_165' title='bbox 112 2163 292 2206; x_wconf 84' lang='lat' dir='ltr'><strong>Culmina</strong></span> <span class='ocrx_word' id='word_1_166' title='bbox 309 2162 612 2214; x_wconf 88' lang='lat' dir='ltr'><strong>templorumque</strong></span> <span class='ocrx_word' id='word_1_167' title='bbox 630 2163 765 2207; x_wconf 85' lang='lat' dir='ltr'><strong>aditus,</strong></span> <span class='ocrx_word' id='word_1_168' title='bbox 781 2176 920 2215; x_wconf 89' lang='lat' dir='ltr'><strong>pompa</strong></span> <span class='ocrx_word' id='word_1_169' title='bbox 938 2163 1037 2202; x_wconf 88' lang='lat' dir='ltr'><strong>unde</strong></span> <span class='ocrx_word' id='word_1_170' title='bbox 1055 2165 1170 2203; x_wconf 84' lang='lat' dir='ltr'><strong>videri</strong></span> 
     </span>
     <span class='ocr_line' id='line_1_29' title="bbox 114 2233 1022 2284; baseline 0.002 -14"><span class='ocrx_word' id='word_1_171' title='bbox 114 2233 385 2283; x_wconf 85' lang='lat' dir='ltr'><strong>Ingressusque</strong></span> <span class='ocrx_word' id='word_1_172' title='bbox 403 2233 646 2283; x_wconf 83' lang='lat' dir='ltr'><strong>triumphales</strong></span> <span class='ocrx_word' id='word_1_173' title='bbox 663 2241 700 2270; x_wconf 88' lang='lat' dir='ltr'><strong>et</strong></span> <span class='ocrx_word' id='word_1_174' title='bbox 717 2234 864 2271; x_wconf 85' lang='lat' dir='ltr'><strong>ovantia</strong></span> <span class='ocrx_word' id='word_1_175' title='bbox 879 2235 1022 2284; x_wconf 85' lang='lat' dir='ltr'><strong>possint</strong></span> 
     </span>
    </p>
   </div>
  </div>
 </body>
</html>
