1358 2470
239 275 404 310 demersa
425 280 461 310 et
478 275 649 322 dissipata
674 276 793 321 fuisse,
818 281 858 311 ut
879 277 914 311 in
938 277 1064 312 Romae
1085 278 1237 323 excidio,
1255 284 1292 313 et
1314 279 1350 313 in

238 333 471 367 barbarorum
498 333 647 376 diluvio,
676 345 721 368 ne
748 338 835 368 nota
859 334 1004 379 quidem
1033 334 1219 370 emineret.
1269 335 1350 370 Non

236 389 332 422 enim
342 388 530 424 civitatum
540 389 716 432 interitus,
724 391 821 436 leges
828 396 863 425 et
872 391 1038 425 instituta
1044 391 1217 433 occident,
1224 403 1351 426 verum

237 445 308 479 alia
326 446 372 480 ab
390 445 468 480 aliis
484 457 579 480 nexa
595 447 800 492 oeternfique
817 447 908 482 serie
929 448 1137 482 continuata
1154 452 1248 484 sunt.
1300 449 1353 484 Ut

236 501 333 536 enim
346 501 461 536 multa
477 502 522 536 ab
535 502 682 537 Etrurift
693 504 739 537 ad
751 504 932 550 Romanos
944 503 1136 539 defluxisse
1146 505 1350 550 putandum

236 560 300 600 est,
321 557 370 591 sic
392 557 564 604 pleraque
580 563 616 593 et
633 559 725 604 juris
747 560 873 604 civilis,
892 565 928 595 et
946 560 1121 596 libertatis
1142 561 1306 596 instituta
1329 573 1351 596 a

238 613 410 648 Romanis
426 614 471 649 ad
486 620 643 650 nostram
655 627 796 661 quoque
808 622 954 651 aetatem
969 617 1203 652 devenerunt.
1242 618 1347 657 Quod

236 670 266 703 si
299 669 424 716 lingua
454 671 616 715 Etrusca,
645 683 726 717 quae
758 684 823 718 per
853 678 908 708 tot
938 674 1079 718 saecula,
1111 679 1283 719 tanquam
1312 674 1349 708 in

236 731 462 762 mortuorum
480 728 662 763 domicilio
678 729 871 774 delituerit,
891 730 1023 765 iterum
1044 730 1079 764 in
1100 730 1218 765 lucem
1234 741 1349 766 emer-

233 787 346 828 geret,
370 791 524 828 quantos
543 797 663 819 rerum
687 786 806 820 aditus
829 786 1056 831 patefaceret,
1074 799 1155 832 quae
1176 787 1350 822 miracula

236 839 392 875 historiae
406 853 414 880 ;
441 845 530 886 quot
542 847 666 887 gentes
678 843 822 877 obrutas
838 848 946 889 atque
963 844 1116 890 ignotas,
1134 855 1287 889 quorum
1303 856 1349 879 ne

234 896 381 931 nomina
397 897 545 942 quidem
569 899 787 941 audivimus,
812 900 858 934 ad
879 900 991 935 vitam
1014 902 1221 935 revocaret?
1270 901 1350 935 Erit

233 953 332 986 enim
353 953 546 998 aliquando
564 959 706 1000 tempus
726 956 829 997 illud,
849 968 944 1001 cum,
965 961 1008 991 ut
1029 962 1141 991 strata
1163 962 1278 999 terroe,
1300 958 1349 992 sic

232 1008 422 1043 hominum
441 1010 574 1056 linguae
597 1012 702 1046 certis
723 1012 808 1047 loeis
829 1013 1065 1059 aetatibusque
1087 1014 1346 1060 disponantur:

233 1069 274 1099 ut
291 1066 436 1111 genitae,
452 1071 495 1101 ut
511 1079 682 1103 connexoe
702 1069 794 1103 inter
810 1081 859 1114 se,
877 1070 1030 1116 aliaeque
1053 1072 1098 1105 ab
1122 1071 1270 1116 aliisque
1292 1076 1347 1106 at-

231 1121 339 1166 tritae‚
358 1123 490 1158 arctius
507 1124 659 1160 latiusve
677 1126 938 1162 contineantur.

980 1253 985 1258 .
1015 1212 1058 1250 Β.
1085 1215 1300 1254 JOWETT.

995 1289 1078 1315 SOC.
1098 1292 1184 1318 COL.
1206 1294 1320 1320 BALL.

576 1640 746 1667 LONDINI
769 1641 809 1667 ΙΝ
831 1641 988 1668 AEDIBUS

487 1697 671 1724 CAROLI
705 1697 1075 1725 WHITTINGHAM
