1422 2476
642 183 694 224 13

77 320 243 371 Devius,
261 324 300 360 et
318 318 443 359 fracto
459 318 647 360 scintillat
664 319 813 360 vortice
832 325 995 360 torrens.

77 409 171 449 Non
189 408 244 449 ibi
263 408 339 461 (sie
358 407 581 462 perhibent)
598 407 704 448 solus
722 423 735 457 ;
767 407 858 448 licet
877 407 957 447 alta
976 406 1159 461 profanos

76 496 274 536 Distineat
292 501 373 536 toto
390 509 548 550 gressus
566 495 783 535 reverentia
797 494 944 534 luco—-

75 578 189 632 Saepe
208 593 332 633 vagus
350 579 473 620 dubio
490 579 591 620 vidit
604 580 678 619 sub
695 578 844 619 lumine
863 583 998 632 pastor

74 666 280 707 AEthereos
299 668 453 708 radiare
471 667 627 716 choros,
651 679 843 719 vocesque
864 666 1045 706 Deorum

75 753 160 792 Nee
180 753 343 794 mortale
364 753 486 793 melos
505 753 660 807 pavidis
679 752 816 807 procul
833 753 996 793 auribus
1012 752 1156 793 hausit.

0 546 35 959 ewffffiffnffffzm*
0 480 3 484 “
3 385 20 452 ³
0 272 37 346 ἰὼ(

128 927 235 974 Quid
255 940 467 968 memorem
485 941 574 980 quae
587 926 694 966 fama
710 926 849 967 volans
865 925 1057 966 miracula
1070 926 1195 980 vulgo

75 1013 282 1066 Spar-serit,
303 1020 346 1053 ut
364 1013 463 1053 viles
481 1013 607 1067 epulae
626 1026 853 1067 pauperque
872 1012 1047 1066 supellex

78 1099 193 1139 Illius
211 1100 373 1140 arbitrio
392 1100 514 1140 versis
533 1100 662 1140 abiere
676 1100 830 1154 figuris,

73 1186 292 1239 Mensaque
313 1187 435 1240 regali
456 1201 496 1227 se
514 1187 676 1240 protulit
688 1200 807 1227 aurea
825 1186 921 1226 luxu
945 1190 982 1226 t*

73 1273 157 1311 Aut
176 1278 219 1311 ut
239 1271 342 1311 vieta
362 1273 427 1325 pio
447 1272 572 1312 morbi
584 1273 644 1312 vis
663 1271 815 1326 pallida
831 1278 922 1311 voto

72 1354 204 1408 Fugit,
218 1363 256 1395 et
271 1369 337 1395 ore
355 1355 463 1396 salus
481 1369 591 1395 roseo
609 1356 805 1409 insperata
824 1356 990 1396 refulsit.

71 1443 203 1494 Atque
223 1442 289 1481 ubi
308 1449 483 1482 venturae
502 1442 627 1482 cladis
644 1443 888 1496 praenuntius
907 1442 1048 1483 horror

0 1516 16 1594 Ξ
71 1522 243 1576 Ingruit,
260 1531 298 1563 et
316 1525 433 1564 caecis
453 1525 699 1577 trepidarunt
719 1525 853 1565 omnia
874 1525 964 1566 fatis

0 1609 10 1642 .¹‘:
70 1611 202 1649 Ausus
222 1610 444 1663 inexpertas
461 1625 645 1664 superum
666 1612 824 1653 decreta
842 1627 911 1666 per
928 1621 1045 1664 artes,

4 1699 6 1703 ’
71 1694 247 1735 Elicere:
276 1697 429 1737 arcanis
448 1704 611 1738 tremere
631 1698 723 1739 hinc
738 1700 954 1752 penetralia
968 1702 1092 1741 sacris

71 1780 200 1821 Nocte
219 1797 336 1836 super
355 1784 498 1832 media,
518 1785 705 1838 pascique
725 1786 887 1826 innoxia
909 1787 1060 1828 circum

70 1866 259 1922 Fulgura,
274 1878 312 1910 et
330 1871 511 1911 ardentes
531 1872 681 1912 Divum
701 1874 938 1914 descendere
957 1875 1110 1916 formae.

112 1987 130 2003 ⁴
151 1989 171 2005 ‘⁶
182 1989 247 2021 Yet
260 2001 279 2022 a
294 1996 379 2032 story
395 2002 458 2023 was
480 1992 601 2024 handed
616 1994 718 2035 down,
732 1994 839 2036 telling
853 1995 933 2035 how,
949 1996 1038 2028 when
1061 1997 1102 2029 he
1122 2009 1185 2030 was
1206 2010 1258 2032 en-

69 2048 231 2090 tertaining
245 2049 293 2081 his
313 2057 427 2091 gmsts,
444 2052 497 2083 the
520 2053 600 2093 plain
626 2053 694 2084 food
718 2055 749 2085 in
775 2054 829 2085 the
846 2055 1053 2088 earthenware
1076 2058 1179 2091 dishes
1193 2071 1259 2093 was

68 2108 264 2141 tmnssonued
279 2121 318 2141 on
334 2111 386 2141 the
403 2122 586 2153 appearance
602 2113 635 2144 of
648 2114 766 2154 Egeria,
781 2114 847 2145 into
868 2126 885 2145 a
908 2116 1040 2156 lumqnet
1057 2118 1091 2149 fit
1106 2119 1151 2150 for
1172 2122 1248 2160 gods

70 2171 106 2191 on
124 2163 235 2194 vessels
248 2164 281 2194 of
292 2164 533 2205 gotd.''..-Nieb.
549 2166 568 2196 i.
584 2177 612 2207 p.
628 2166 702 2199 237.
