1358 2470
164 344 367 388 habuerint,
396 345 490 389 licet,
517 345 668 379 Etrusco
693 355 789 391 rege,
819 344 976 379 Romam
1003 345 1143 388 allatos,
1172 346 1281 381 fuisae

167 405 291 436 tamen
311 401 572 450 Grfflsjiteris
588 401 796 450 exscriptos.
1281 404 1287 410 '

213 458 372 505 Longior
394 459 472 501 sim,
501 458 530 492 si
561 470 687 493 omnes
719 459 879 493 Deorum
908 457 1039 493 formas
1071 469 1282 494 enumerare

167 514 288 558 velim,
313 526 402 560 quus
421 515 522 561 vulgi
546 515 764 560 superstitio,
783 527 872 561 quas
890 516 1117 552 sacerdotum
1139 515 1283 550 solertia

166 571 362 615 excuderit,
383 583 465 617 quae
486 576 550 606 aut
569 571 647 617 ipso
669 572 747 606 loco
772 577 868 606 natae
894 572 977 616 sint,
1001 577 1065 607 aut
1092 571 1241 619 peregre
1260 583 1283 606 a

166 627 426 662 mercatoribus
446 628 626 663 immissae.
675 629 811 663 Verum
830 629 944 663 altera
959 633 1070 664 restat
1085 629 1283 675 relligionis

166 695 260 729 pars,
278 695 360 730 quae
379 684 487 719 Lares
503 689 540 719 et
560 685 715 720 Penates
732 686 901 731 amplexa
917 691 982 729 est,
1001 697 1085 731 quae
1103 697 1187 721 cum
1202 685 1282 720 hor-

166 741 319 775 rendum
348 740 520 786 quiddam
552 747 589 776 et
612 741 884 777 formidolosum
917 742 1078 786 haberet,
1110 741 1282 778 altissime

167 798 356 832 hominum
380 797 562 832 mentibus
586 798 728 833 insedit.
777 799 801 833 J
805 810 864 834 am
889 798 1070 834 infernum
1101 799 1281 845 quendam

169 854 364 890 Plutonem
382 854 614 900 effingebant,
633 855 803 890 Mantum
819 856 1074 902 appellabant3
1093 856 1178 891 huic
1193 856 1282 891 Tar-

166 910 236 946 tari
258 911 461 956 imperium,
484 911 568 946 huic
586 911 702 946 omnis
724 917 950 947 mortuorum
974 923 1060 947 eura
1080 912 1280 948 commissa.

168 966 316 1013 Effigies
348 967 509 1012 Mamm,
537 968 627 1003 facie
659 969 848 1014 quadrata.
881 969 978 1004 foedo
1007 974 1282 1015 monstrosoque

165 1024 282 1065 vultu,
295 1024 464 1059 dentibus
474 1025 646 1068 exacutis,
662 1025 789 1071 lingua
801 1026 910 1060 etiam
925 1037 989 1071 per
1000 1025 1200 1061 irrisionem
1217 1038 1282 1061 ex-

165 1081 271 1123 serta,
286 1082 466 1127 reperitur
475 1082 552 1128 jam
566 1082 710 1117 nuncin
724 1082 959 1118 Etruscorum
976 1083 1182 1128 sepulchris.
1210 1083 1282 1124 Qui

165 1149 248 1173 cum
266 1138 393 1173 Mania.
409 1138 604 1173 inferorum
625 1139 705 1174 Dea
726 1139 912 1174 dividebat
928 1139 1143 1186 imperium:
1175 1141 1282 1174 ambo

164 1198 355 1240 terribiles,
372 1199 564 1240 tenebrosi,
584 1199 879 1235 immisericordes
900 1199 974 1242 Dii,
996 1204 1034 1234 et
1054 1200 1186 1245 quibus
1208 1211 1284 1235 me-

166 1259 324 1290 moraret
338 1255 434 1290 fama
446 1266 601 1301 puerum
618 1256 727 1290 semel
745 1256 985 1292 immolatum.
1023 1257 1283 1292 Custodiebant

165 1311 204 1346 hi
222 1311 361 1346 Tartari
379 1312 544 1358 januam,
558 1313 659 1358 cujus
679 1323 761 1347 cum
784 1312 898 1347 ferrea
921 1313 1077 1348 claustra
1090 1314 1283 1358 quotannis

166 1372 286 1403 ternos
301 1368 376 1403 dies
387 1369 624 1415 aperirentur,
635 1381 758 1404 manes
774 1369 974 1413 hominum,
984 1370 1168 1413 hinessinde
1181 1375 1281 1405 tran-

164 1425 283 1460 sibant
301 1426 404 1471 quasi
426 1426 488 1460 via
512 1438 578 1472 per
602 1426 833 1461 solitudinem
858 1426 964 1462 facta.
1016 1427 1177 1461 Mundus
1198 1426 1282 1462 huic

164 1482 314 1518 Tartaro
335 1494 489 1517 nomen:
516 1483 644 1518 Romae
668 1495 810 1529 quoque
832 1483 870 1517 in
890 1483 1044 1518 comitiis
1064 1487 1217 1529 puteum
1232 1483 1282 1518 sic

165 1539 388 1585 appellatum
411 1539 544 1583 ferunt,
563 1540 601 1574 in
621 1551 704 1585 qim,
722 1540 858 1575 Catone
881 1544 984 1582 teste,
1004 1540 1151 1586 fmgum
1170 1551 1281 1586 pecu·

165 1596 324 1642 dumque
334 1596 510 1642 primitias
521 1596 752 1642 sepeliebant.
784 1596 935 1631 Animas
945 1601 1067 1631 autem
1077 1596 1281 1639 hominum,

163 1664 246 1688 cum
270 1664 291 1687 e
314 1664 461 1699 corpore
481 1653 693 1694 evolassent,
714 1653 752 1687 in
770 1653 881 1688 vastis
898 1653 1095 1688 inferorum
1118 1654 1279 1689 cavernis

165 1710 361 1744 credebant
377 1709 592 1755 exspatiari;
618 1709 749 1744 exinde
764 1709 826 1755 qui
843 1710 887 1744 de
903 1709 1022 1755 patriti.
1037 1713 1074 1744 et
1092 1709 1171 1744 Diis
1187 1710 1279 1745 bene

162 1766 283 1801 meriti
310 1770 439 1810 essent,
463 1770 500 1800 et
515 1765 618 1811 quasi
633 1766 795 1801 sordibus
814 1766 983 1801 humanis
1005 1765 1168 1801 animum
1193 1778 1280 1812 pur-

163 1826 309 1869 gflssent
326 1822 471 1857 Larium
490 1827 657 1857 naturam
674 1822 835 1866 induere,
853 1827 977 1858 contra
988 1822 1118 1868 impios
1134 1823 1277 1858 sacrile-

163 1890 275 1926 gosve
301 1879 339 1913 in
372 1879 615 1914 abominanda
639 1879 809 1925 quaedam
841 1884 981 1925 spectra
1007 1879 1153 1922 mutari,
1187 1891 1277 1925 quos

164 1935 334 1971 Lemures
356 1936 600 1981 appellabant.
653 1936 704 1970 Hi
721 1936 869 1982 quidem
888 1935 1058 1970 Lemures
1081 1935 1182 1971 fuere
1202 1937 1277 1982 qui,

162 2003 246 2027 cum
261 1992 375 2027 vitam
393 2003 538 2027 omnem
551 1992 588 2026 in
604 1993 704 2027 luctu
721 1992 1083 2039 degerent,detestati
1100 1992 1278 2035 homines,

162 2052 331 2084 naturam
351 2049 578 2095 speciemque
601 2048 759 2083 ferarum
775 2049 842 2083 sibi
866 2048 1090 2094 praeferrent.
1141 2050 1191 2084 At
1209 2050 1277 2084 La-

161 2104 260 2140 ribus
277 2105 367 2140 illud
386 2117 517 2140 munus
533 2106 710 2140 tributum
728 2111 816 2150 erat,
836 2111 879 2140 ut
897 2106 1035 2141 animas
1052 2107 1239 2142 hominum
1257 2119 1279 2141 n

161 2161 309 2196 Tartaro
332 2162 546 2205 liberarent;
582 2163 620 2197 hi
645 2174 724 2197 suos
749 2174 861 2208 usque
885 2163 1035 2198 comiter
1058 2169 1095 2199 et
1118 2163 1275 2210 benigne
