1358 2470
276 137 494 208 ww

33 304 292 344 recentioribus
313 303 562 342 monumentis
585 304 741 353 vestigia
763 304 936 352 quaedam
958 301 1162 352 deprehen-

28 364 151 401 denda
178 370 275 401 sunt.
333 365 357 400 J
360 376 420 400 am
447 363 579 399 fibulas
612 367 771 407 auram,
802 363 938 399 collum
964 363 1165 398 monilibus

28 427 211 467 ornatum,
229 427 369 458 vestem
386 421 542 469 gemmis
557 422 764 457 stellantem
781 420 899 456 Indiae
919 421 1042 467 potius
1058 426 1165 457 notas

30 479 176 525 dixeris,
198 492 283 516 cum
306 481 371 515 illa
388 478 503 515 solida
524 485 728 514 statuarum
748 478 875 524 moles,
893 479 1015 515 densoe
1032 479 1162 524 crines,

28 538 195 573 membra
226 537 397 574 informia
429 537 477 573 ab
509 537 675 584 AEgypto
704 537 862 572 derivari
888 537 1070 579 videatur,
1098 535 1162 572 sed

26 599 152 630 'tamen
172 596 405 642 perspicuum
428 599 495 638 est,
517 594 735 630 recentiores
750 595 921 630 Etruscos
943 605 966 629 a
985 593 1164 630 Corintho

29 653 146 688 multa
163 658 370 699 mutuatos;
396 664 484 688 mox
510 651 663 688 urbibus
683 664 828 700 magnae
852 651 1009 687 Graeciae
1029 651 1163 686 eversis

27 710 164 747 fontem
193 711 300 746 illum
328 711 543 747 Graecarum
568 708 757 746 literarum
782 710 821 744 in
849 709 998 745 Italiam
1025 710 1162 744 redun-

5 766 140 810 inflasse.

12 839 21 859 τ
72 827 94 849 ⁸
119 828 244 863 Fuisse
275 827 424 874 quidem
451 827 636 872 Etruscos,
663 831 708 863 ut
738 826 915 874 singulari
946 838 1036 875 erga
1062 828 1163 865 Deos

9 885 240 927 ⁴reverentia,
267 885 318 920 sic
344 885 532 931 proecipust
557 896 702 920 morum
727 885 889 932 puritate
914 885 1002 921 satis
1029 898 1096 932 per
1123 899 1162 923 se

0 936 10 950 ί
25 942 104 989 ipsa
134 942 269 978 artium
301 947 541 978 monumenta
577 943 777 979 declarant.
843 943 954 979 Unde
989 944 1089 979 enim
1121 944 1161 979 in

24 999 277 1036 vetustissimis
300 1000 480 1046 operibus,
504 1011 587 1046 quae
611 999 696 1036 vere
720 1000 876 1036 Etrusca
897 1001 982 1044 sint,
1003 1013 1051 1037 ne
1073 1006 1163 1037 nota

3 1102 10 1108 ,-
24 1057 174 1104 quidem
196 1056 354 1093 licentiae
377 1057 593 1104 reperienda
618 1059 700 1093 est?
749 1058 843 1099 Quae
866 1058 962 1094 certe
982 1059 1162 1106 improbis

0 1130 3 1131 ⁷
25 1115 334 1151 calumniatorum
360 1115 511 1151 vocibus
538 1116 757 1162 opponenda
785 1120 882 1159 sunt,
908 1116 973 1163 qui
1002 1117 1161 1165 pingues

0 1177 64 1223 >et
77 1173 282 1208 luxuriosos
299 1172 492 1220 Synhenos
506 1178 764 1217 memorantes,
783 1185 859 1208 non
871 1178 1034 1209 veterem
1046 1175 1158 1210 Etru-

3 1239 6 1275 ζ
25 1230 90 1266 riae
101 1230 293 1277 populum,
307 1230 369 1266 sed
387 1230 590 1276 municipes
605 1230 776 1278 Syllanos
791 1231 946 1267 libidine
962 1236 1000 1267 et
1012 1232 1161 1269 luxuria

25 1288 220 1324 exhaustos
233 1288 541 1335 perstringebant.
585 1288 714 1324 Mirari
731 1288 823 1323 libet
836 1289 979 1324 nullam
995 1301 1160 1337 unquam

0 1352 12 1389 ’ς
26 1357 73 1381 ex
87 1345 289 1393 peregrinis
305 1345 467 1381 moribus
480 1346 725 1392 corruptelam
742 1346 922 1393 populum
932 1347 1160 1384 maritimum

0 1407 13 1450 ζ’,
27 1402 235 1449 suscepisse,
255 1414 322 1438 nec
343 1403 529 1438 licentiam
553 1404 770 1450 popularem
794 1404 889 1440 vires
913 1410 1062 1441 nactam
1089 1418 1160 1442 un-

0 1459 10 1506 }j‚
27 1472 138 1508 quam
154 1461 193 1496 in
209 1461 426 1496 seditionem
443 1461 616 1508 erupisse.

73 1519 325 1560 Quaerendum
341 1518 456 1565 igitur
471 1531 554 1565 quae
572 1519 690 1554 forma
706 1518 863 1555 civitatis
879 1532 987 1567 super
1002 1521 1072 1557 hoc
1084 1526 1160 1558 tam

0 1580 3 1626 ζ
29 1577 204 1624 praeclaro
220 1576 422 1623 relligionis
439 1576 679 1613 fundamento
702 1576 874 1624 imposita
895 1578 955 1614 sit.
1005 1579 1114 1620 Quod
1132 1581 1162 1616 si

31 1634 138 1671 Festo
157 1634 348 1680 credimus,
369 1634 515 1670 Etrusci
535 1635 663 1670 eodem
687 1634 761 1670 fere
784 1647 858 1682 quo
875 1636 1036 1672 Romani
1051 1639 1164 1674 modo

0 1674 70 1727 5ίιι
95 1692 223 1737 tribus,
248 1691 377 1737 curias,
406 1697 605 1739 gentesque
633 1692 740 1727 divisi
763 1698 878 1738 erant,
904 1706 1015 1740 quem
1036 1699 1162 1732 tamen

0 1763 13 1797 :g
30 1750 204 1797 suspicari
225 1749 320 1794 licet,
344 1761 428 1785 cum
453 1750 498 1785 de
516 1750 680 1786 Etruscis
702 1750 796 1786 nihil
817 1752 967 1788 omnino
983 1755 1164 1800 comperti

0 1803 190 1864 {habereg
219 1819 242 1843 a
269 1819 415 1843 suorum
449 1807 628 1843 institutis
658 1808 738 1844 haec
767 1809 896 1844 eadem
921 1812 1161 1848 transtulisse.

0 1896 9 1920 t
31 1862 191 1913 Singulis
207 1870 332 1901 autem
347 1865 557 1901 civitatibus
572 1866 688 1901 annui
708 1872 892 1913 praeerant
912 1868 1161 1916 magistratus,

0 1924 18 1973 Ξ
32 1924 95 1971 qui
110 1924 284 1971 quoniam
300 1923 512 1960 continuato
531 1924 682 1969 honore,
700 1925 895 1971 plusquam
918 1927 1050 1963 annuis
1066 1931 1162 1964 tem-

0 1973 11 2026 }
31 1981 176 2028 poribus
198 1981 498 2029 defungerentur,
515 1993 621 2029 reges
636 1994 659 2018 a
679 1982 856 2019 Romanis
872 1985 1048 2031 appellati
1067 1991 1164 2021 sunt.

0 2033 19 2075 ἱ
33 2038 131 2076 mad
141 2039 237 2077 certe
248 2044 391 2077 constat
399 2051 509 2087 penes
521 2051 656 2086 paucos
671 2040 870 2088 imperium
882 2042 1005 2088 fuisse,
1017 2043 1163 2079 eosdem

421 2167 434 2182 ¹·
456 2165 542 2194 Nieb.
557 2168 615 2194 vol.
630 2167 650 2194 i.
667 2170 726 2194 139.

0 2340 10 2350 ›

15 2087 20 2102 ἐ

11 2406 26 2417 J-

16 2450 19 2457 ι

0 2072 14 2114 ἴ

0 2121 23 2181 Ξ

0 2271 15 2336 Ξ

0 2394 13 2449 ξ

0 2183 7 2196 Β

0 2201 7 2215 2

0 2360 8 2372 μ

0 2443 6 2459 ἴ
