1358 2470
160 238 208 277 18
280 249 470 282 QUAENAM
493 249 650 278 russm'r
671 249 960 279 CERTAMINUM
985 251 1262 280 vunmoonuu

155 355 258 390 rent.
322 351 361 390 H
368 348 508 403 ujusce
530 351 625 390 vero
647 348 886 403 quaestionis
906 348 1076 390 interest
1095 348 1319 404 plurimum

154 423 201 457 ut
220 422 423 472 quatenus
442 430 467 456 a
487 414 620 470 priore
637 414 713 456 ista
733 415 857 457 distet
875 416 1167 471 intelligamus.
1199 416 1322 457 Actio

153 485 279 534 enim,
302 484 379 525 hoc
399 491 460 525 est
477 485 621 540 πρᾶξις,
642 498 738 540 quae
758 499 878 526 suum
899 485 1043 536 finem,
1063 500 1113 526 ex
1134 499 1216 541 quo
1237 492 1323 526 tota

153 552 322 608 pendet,
344 552 595 593 abstractum
619 552 925 608 quodammodo
949 568 974 595 a
997 553 1120 595 rebus
1143 553 1323 596 externis

153 620 196 661 in
217 635 259 661 se
279 619 367 675 ipsa
388 619 554 669 habeat,
575 618 769 675 imperari
790 620 1043 663 extrinsecus
1062 636 1143 662 non
1166 628 1319 676 potest:

152 702 231 737 ars,
245 702 372 744 quam
391 687 530 738 ποίησιν
546 686 686 729 Graeci
702 695 861 738 vocant,
876 703 957 730 non
978 689 1021 730 in
1042 689 1130 744 ipso
1150 688 1320 737 artifice,

152 755 283 798 sedin
299 770 423 812 opere
439 755 475 811 ej
482 770 528 797 us
541 755 777 796 absolvitur.
809 756 950 805 Quare
966 771 1049 798 non
1066 771 1140 812 pro
1155 755 1323 798 artificis

153 823 236 866 fine
257 823 388 878 magis
406 822 594 864 minusve
621 822 837 866 artificiose
863 823 1019 865 factum
1046 823 1125 864 erit
1150 823 1320 879 aliquid,

152 905 224 933 seu
258 890 587 932 calceamentum
626 889 758 945 (verbi
788 891 928 943 causa>
966 904 1038 932 seu
1068 898 1215 938 statua,
1248 904 1322 932 seu

151 973 302 1014 poema
330 957 464 1000 fuerit.
527 957 637 998 Illud
667 957 805 1012 igitur,
837 957 948 1013 quod
982 964 1098 999 extra
1128 966 1322 1012 agentem

151 1033 227 1076 est,
248 1024 403 1067 omnino
423 1038 641 1080 procurare
668 1031 838 1080 possunt
863 1023 894 1065 ii
922 1038 1098 1080 quorum
1125 1023 1167 1064 in
1194 1038 1322 1065 manu

152 1093 385 1149 respublica
407 1100 481 1142 est,
502 1107 640 1149 neque
669 1091 783 1134 aliud
811 1091 855 1132 in
881 1091 958 1134 hac
984 1106 1028 1133 re
1048 1092 1321 1148 quaerendum

151 1160 279 1218 quam
301 1159 495 1216 expediat
512 1159 617 1200 illud
636 1173 781 1201 necne.
819 1158 883 1200 Ex
903 1158 1105 1214 ejusmodi
1125 1158 1321 1200 nimirum

151 1227 486 1270 contentionibus
514 1226 745 1276 eveniebat,
776 1234 823 1268 ut
851 1225 970 1282 copia
997 1226 1146 1282 cuique
1176 1226 1218 1266 in
1250 1230 1323 1268 sua

152 1302 239 1337 arte
260 1293 598 1351 praestantissimo
617 1294 847 1350 prodeundi
868 1294 1009 1343 fieret;
1041 1308 1130 1343 nec,
1151 1293 1229 1334 nisi
1249 1297 1322 1334 sua

152 1363 290 1419 culpa,
314 1362 471 1404 latebat
490 1361 524 1403 is
543 1361 674 1418 (quod
693 1362 815 1404 hodie
836 1361 1013 1404 nimium
1034 1361 1218 1402 sollenne
1239 1365 1320 1415 est)

151 1429 225 1487 qui
259 1438 471 1471 notescere
505 1429 693 1471 deberet.
755 1429 964 1471 Praeterea
999 1430 1096 1470 cum
1131 1427 1322 1470 liberales

150 1504 259 1539 artes
297 1511 380 1538 non
419 1496 472 1537 ad
511 1496 667 1538 victum
706 1497 905 1553 cujusque
945 1495 1187 1538 necessariae
1225 1494 1320 1544 sint,

149 1565 311 1607 eaedem
344 1578 442 1606 vero
475 1563 529 1606 ad
562 1564 692 1606 bonos
718 1564 763 1605 in
792 1564 958 1606 civitate
986 1578 1122 1605 mores
1151 1570 1198 1604 ut
1225 1577 1321 1619 quae

148 1633 329 1675 maxime
349 1639 550 1688 spectent,
571 1632 710 1688 dignae
729 1632 924 1674 videntur
942 1646 1037 1688 quae
1059 1631 1125 1673 vel
1144 1630 1320 1687 publicis

148 1699 331 1756 praemiis
364 1698 606 1742 afficiantur.
682 1699 866 1741 Certatio
900 1707 1039 1741 autem
1074 1697 1321 1753 prohibebat

148 1779 202 1806 ne
236 1778 339 1820 opus
373 1770 481 1806 esset
513 1763 694 1820 cuipiam
728 1764 866 1808 aliena
899 1763 1033 1819 gratia
1066 1766 1149 1820 quo
1183 1772 1320 1818 posset

146 1832 258 1874 inter
294 1838 408 1873 vates
444 1830 633 1887 publicos
665 1831 821 1875 haberi.
895 1830 1047 1873 Nescio
1084 1838 1226 1871 tamen
1264 1845 1319 1872 an

146 1913 368 1956 nusquam,
411 1898 489 1940 nisi
527 1897 640 1955 apud
679 1898 852 1948 Atticos,
893 1897 1097 1954 ejusmodi
1135 1897 1319 1940 tribunal

145 1967 322 2012 inveniri
349 1967 489 2023 possit,
509 1967 553 2008 in
582 1969 665 2024 qua
692 1966 916 2009 multitudo
939 1966 1130 2022 judicum
1159 1966 1320 2022 privata

145 2035 297 2086 studia,
336 2048 415 2077 nec
457 2042 598 2077 tamen
645 2049 823 2077 acumen
867 2033 1070 2085 criticum,
1111 2034 1316 2077 excludat.

148 2103 275 2153 Quod
294 2103 393 2146 vero
413 2102 467 2145 ad
486 2102 688 2159 pudorem
710 2102 834 2145 istum
862 2116 956 2144 cum
984 2101 1162 2157 ingeniis
1186 2101 1319 2144 maxi—

145 2171 225 2214 mis
250 2170 336 2213 sere
364 2170 631 2226 conjunctum
658 2170 820 2223 attinet,
846 2168 1145 2212 recordandum
1177 2175 1240 2210 est
1264 2168 1317 2210 de
