1358 2470
234 186 348 215 APUD
370 185 587 218 ANTIQUOS
607 185 673 214 Vis
695 185 749 214 ET
772 172 1001 215 onnus?
1160 176 1213 215 23

81 285 209 335 Quod
236 286 270 328 si
298 286 424 345 totius
451 286 512 328 rei
532 286 617 328 vim
648 301 698 328 ac
727 287 918 342 spiritum
950 300 1002 329 ex
1031 286 1216 329 Pindaro

22 354 400 412 sumamus,srquam
430 354 566 396 multa
592 355 635 396 in
666 355 719 398 ea
749 350 1041 397 admirabilia!
1071 354 1217 411 impri-

22 422 105 466 mis
120 422 239 465 'enim
260 422 384 464 docet
400 412 557 482 ubique
574 422 751 465 victores
767 437 850 465 non
867 438 943 480 pro
958 424 1035 467 sua
1049 430 1216 465 tantum

23 499 228 548 quantum
242 530 246 533 ,
259 506 349 547 pr0.
363 490 510 547 gentis.
532 491 764 548 patriaeque
778 485 934 547 ‚gloria
968 491 1218 534 certandum

24 576 127 612 esse,
150 565 288 619 neque
309 566 507 604 eventum
530 562 614 604 suis
642 570 807 604 tantum
834 561 984 619 opibus
1009 569 1218 620 quantum

26 630 216 672 Deorum
236 630 544 692 benevolentiae
557 630 866 687 imputandum.
910 630 1075 674 Eodem
1090 631 1219 674 refert

24 705 87 740 tot
106 712 158 740 ex
178 697 334 755 puriori
354 697 554 761 quadam
560 696 700 759 quam
716 696 928 754 popularis
956 691 1030 740 illa
1055 697 1220 754 relligio

24 765 266 831 desumptas
287 766 471 808 fabulas:
504 773 567 812 tot
581 765 869 828 pulcherrima
877 766 1219 822 gravissimarum

25 835 327 890 sententiarum
348 833 565 890 exempla:
597 842 689 876 tum
717 833 839 899 'piam
858 833 980 876 istam
1008 835 1120 878 cirea
1145 851 1221 878 na·

25 902 126 944 talia
146 917 195 944 ac
210 902 390 958 majores
405 902 669 954 memoriam,
684 916 770 958 qua
786 895 891 944 nihil
906 898 1086 945 arbitror
1100 903 1221 961 equi-

25 971 229 1013 dem‘aut
256 972 311 1012 ad
343 970 773 1013 bonums‘vitumtaut
801 970 856 1012 ad
889 970 1048 1013 bonum
1083 971 1219 1014 civem

27 1040 305 1082 efficiendum
328 1040 421 1096 plus
450 1039 602 1082 valere.
648 1039 898 1082 ⁴Pindarum
928 1044 1026 1084 vero
1061 1040 1106 1082 in
1140 1041 1221 1084 hac

27 1111 154 1153 causa
178 1109 309 1166 (quod
331 1124 477 1151 vereor
497 1124 550 1151 ne
571 1107 832 1164 arrogantius
852 1108 1055 1166 quiddam
1078 1111 1217 1165 sonet)

27 1186 178 1220 testem
199 1177 374 1220 minime
396 1177 649 1234 locupletem
666 1192 756 1220 esse
772 1177 977 1221 existimo.
1016 1178 1222 1227 Quamvis

29 1247 142 1289 enim
176 1247 318 1289 omnia
353 1261 449 1304 quae
485 1246 611 1289 modo
650 1246 880 1289 memoravi
917 1246 1001 1289 sint
1036 1247 1219 1304 egregia,

29 1315 143 1372 quod
158 1315 307 1357 eadem
327 1315 381 1356 ad
401 1314 521 1357 ludos
537 1314 740 1365 retulerit,
755 1314 862 1357 illud
875 1314 980 1357 mihi
1001 1315 1220 1359 fortuitum

28 1383 166 1439 potius
185 1382 315 1440 quam
335 1382 389 1424 ab
410 1397 460 1425 eo
479 1382 731 1425 meditatum
748 1382 926 1428 videtur.
971 1384 1083 1427 cam
1105 1385 1221 1428 enim

30 1453 84 1495 ad
107 1453 302 1510 Lyricam
326 1452 477 1495 Poesin
506 1455 655 1495 natura
680 1452 906 1495 duceretur
925 1452 966 1495 in
989 1468 1089 1496 eum
1110 1469 1223 1498 cam-

30 1537 132 1578 pum
173 1521 359 1579 profudit
396 1520 556 1577 ingenii
594 1521 734 1577 copias
768 1520 846 1572 sui,
879 1521 953 1579 qui
987 1522 1075 1566 fere
1111 1522 1223 1566 solus

31 1596 250 1647 poetarum
273 1589 522 1646 Lyricorum
543 1597 662 1632 esset.
713 1589 892 1632 Utinam
913 1590 1026 1647 apud
1049 1591 1224 1634 Graecos

31 1658 236 1701 extitisset
274 1658 424 1717 aliquis
463 1658 536 1716 qui
575 1658 769 1701 eamdem
808 1658 940 1701 animi
979 1659 1221 1712 elationem,

32 1727 232 1770 eumdem
252 1726 486 1769 excellendi
510 1726 757 1784 appetitum,
778 1726 968 1770 admistis
996 1729 1094 1771 eum
1123 1743 1225 1786 erga

35 1795 150 1838 Deos
185 1794 417 1837 reverentia
449 1801 540 1837 tum
576 1809 676 1851 erga
707 1809 802 1837 suos
831 1795 942 1838 cives
971 1795 1224 1840 liberalitate

33 1872 160 1922 atque
210 1878 366 1914 amore,
406 1864 575 1920 privatis
624 1863 947 1915 conditionibus,
986 1864 1227 1910 domesticis

34 1934 173 1985 rebus,
195 1933 392 1976 voluisset
410 1933 640 1984 innectere,
660 1932 859 1990 idemque
878 1932 1107 1990 potuisset!

94 2003 256 2045 Verum
291 2010 338 2044 ut
371 2001 569 2044 orationis
602 2000 697 2044 vela
729 2000 987 2052 contraham,
1018 2001 1063 2044 in
1093 2018 1226 2046 unum

37 2072 162 2115 liceat
182 2087 233 2114 ea
252 2071 449 2128 colligere
470 2086 567 2129 quae
587 2070 713 2114 antea
737 2071 948 2128 disputata
968 2078 1078 2116 sunt.
1140 2073 1226 2117 Ita-

38 2155 121 2197 que
154 2139 335 2182 diximus
365 2139 470 2181 nihil
499 2139 610 2196 apud
642 2139 855 2182 Romanos
881 2138 1006 2182 fuisse
1033 2140 1227 2184 certami-
