1358 2470
240 203 594 237 APUD'ANTIQUOS
616 203 681 232 VIS
704 203 758 231 ET
780 189 1006 231 UTlLlTAS?
1146 184 1216 226 '13

28 306 266 362 spectaculo
301 321 403 354 esse,
440 305 539 347 cum
581 302 682 344 nihil
717 303 807 358 jam
849 302 938 358 ipso
978 299 1217 357 spectaculo

27 374 193 430 gravius
228 382 501 431 quaereretur,
533 373 753 427 indignum
786 373 1003 428 putabant.
1055 374 1216 433 ‘ltaque-

27 442 194 498 flagitiis
215 456 268 484 ne
290 439 554 482 nominandis
574 438 745 495 quidem
769 436 1012 493 adjungitur
1033 434 1137 477 illud

121 541 216 576 Vicit
233 546 268 575 et
282 541 346 575 hoc
362 545 552 587 monstrum
566 540 708 573 tunicati
725 538 857 573 fuscina
875 538 1033 573 Gracchi.

28 633 190 677 Contra
226 632 389 676 virilem
427 631 579 688 Campi
618 630 930 688 simplicitatem
971 627 1216 672 suavissimo

25 700 211 744 carmine
231 699 423 758 depingit
443 698 669 743 Horatius:

488 800 560 835 Cur
574 792 726 848 apricum

117 862 243 897 Oderit
259 861 440 909 Campum,
457 861 592 908 patiens
608 859 756 907 pulveris
769 864 872 906 atque
889 860 997 895 solis‘?

259 921 331 956 Cur
344 932 457 966 neque
473 919 632 954 militaris

120 981 216 1015 Inter
231 978 382 1025 aequales
399 979 541 1023 equitat,
559 977 695 1012 Gallica
709 990 774 1012 nec
788 977 915 1025 lupatis

257 1036 446 1083 Temperat
462 1047 524 1071 ora
535 1034 650 1071 fiaenis
659 1035 675 1068 P

120 1093 191 1129 Cur
206 1094 308 1128 timet
322 1092 451 1127 flavum
467 1091 623 1126 Tiberim
639 1093 806 1137 tangere?
832 1104 890 1126 cur
906 1091 1031 1126 olivum

257 1150 433 1195 Sanguine
449 1150 603 1197 viperino

118 1208 264 1244 Cautius
279 1209 391 1243 vitat?
415 1219 528 1253 neque
538 1209 614 1255 jam
629 1206 737 1242 livida
752 1211 870 1252 gestat
886 1208 989 1242 annis

255 1266 417 1308 Brachia,
434 1276 529 1313 saepe
544 1265 639 1300 disco

117 1325 216 1371 Saepe
231 1327 326 1358 trans
341 1322 449 1358 finem
459 1322 575 1371 jaculo
590 1322 720 1357 nobilis
737 1324 912 1371 expedito.

82 1412 224 1462 Quam
244 1413 409 1456 diversa
428 1413 520 1456 haec
547 1414 666 1471 quasi
686 1415 1026 1472 quotidianarum
1055 1415 1214 1457 exerci-

23 1481 228 1523 tationum
253 1481 562 1539 subsecivisque
586 1482 847 1539 temporibus
877 1483 1211 1540 peragendarum

21 1548 245 1606 descriptio
279 1549 382 1592 levis
416 1565 467 1592 ac
500 1550 748 1606 perelegans
786 1552 841 1594 ab
880 1551 962 1594 illis
1001 1551 1210 1602 laudibus,

21 1616 175 1673 quibus
193 1616 372 1659 athletas
389 1625 607 1676 tamquam
628 1618 812 1662 virorum
837 1619 993 1676 primos
1022 1619 1212 1662 cumulat

25 1684 262 1727 Pindarus!
319 1685 464 1735 Quare
512 1686 612 1729 cum
663 1687 830 1730 Platoni
878 1696 970 1731 tum
1021 1687 1210 1732 Luciano

21 1752 266 1796 satisfecisse
306 1755 488 1797 Romani
529 1755 746 1807 videntur3
795 1771 935 1814 neque
974 1757 1089 1799 enim
1135 1766 1210 1800 aut

20 1836 44 1863 a
74 1835 150 1863 suo
175 1821 274 1871 fine,
295 1831 467 1879 propter
485 1823 661 1866 nimiam
686 1823 730 1865 in
754 1824 903 1867 iisdem
931 1825 1209 1882 exsequendis

19 1889 309 1941 ambitionem,
344 1890 434 1933 ludi
467 1892 763 1942 avocabantur,
799 1907 939 1950 neque
974 1892 1208 1950 disciplinae

19 1959 175 2003 ferocia
221 1975 271 2003 ac
319 1962 544 2005 crudelitas
591 1962 921 2006 immiscebatur.
1007 1964 1207 2022 Denique

19 2028 286 2085 perspicuum
316 2039 380 2071 est
409 2036 498 2072 toto
532 2029 636 2072 caelo
670 2043 809 2071 errare
844 2044 915 2072 eos
944 2029 1018 2087 qui
1046 2030 1207 2086 gladia-

18 2096 145 2139 torias
169 2097 481 2140 commissiones
510 2113 608 2140 cum
638 2098 748 2140 ludis
779 2097 942 2140 Graecis
971 2098 1202 2143 conferant.

21 2164 139 2207 Nihil
173 2165 287 2208 enim
323 2181 546 2209 commune
582 2167 752 2218 habent,
788 2175 964 2223 excepto
998 2176 1209 2224 quatenus
