1358 2470
144 188 192 226 10
260 195 452 230 QUAENAM
476 194 634 224 FUERIT
654 194 948 225 CERTAMINUM
972 196 1247 225 PUBLICORUM

142 310 274 352 eaque
313 294 544 350 gratissimo
582 292 736 334 honore
774 294 964 350 prosequi
1003 308 1046 336 se
1089 294 1306 349 putabant,

142 362 467 419 quotiescunque
494 361 667 402 liberam
689 374 737 402 ac
757 360 981 401 masculam
1011 359 1139 402 animi
1165 375 1308 417 corpo-

143 431 279 486 risque
297 429 488 471 virtutem
511 435 607 469 ante
627 442 716 469 aras
736 426 990 469 exhiberent.
1034 427 1307 483 Nequaquam

143 511 287 538 vereor
314 511 367 538 ne
397 495 548 537 nimius
574 494 616 536 in
643 494 719 535 hac
747 508 790 535 re
817 494 995 550 cuipiam
1021 493 1144 535 fuisse
1171 494 1311 536 videar

145 563 217 619 qui
238 566 439 619 reputarit
458 561 603 618 quanti
632 560 713 602 sint
742 575 854 602 caeea
882 561 959 602 ista
988 560 1191 602 mentium
1222 575 1310 603 mo-

145 639 286 673 menta
312 645 407 688 quae
436 644 569 672 mores
594 627 840 684 plerumque
868 628 1054 684 publicos
1074 627 1310 678 informant,

145 698 412 739 inscientibus
432 697 557 738 etiam
578 694 675 751 ipsis
695 694 851 736 civibus
870 695 981 736 unde
1001 696 1138 737 motus
1160 694 1309 751 princi-

147 765 261 822 pium
283 763 529 820 acceperint.

205 833 264 875 ΙΙ.
295 832 388 874 Jam
411 835 508 873 vero
529 830 582 872 ad
605 829 829 872 secundam
851 829 986 885 operis
1004 829 1131 871 nostri
1152 837 1312 885 partem

146 901 414 948 accedamus3
445 913 570 955 quam
591 898 795 953 auspicari
816 897 964 939 melius
990 912 1073 939 non
1100 913 1315 954 possumus

146 982 271 1024 quam
297 966 527 1008 Aristotelis
547 965 793 1021 proferendo
812 964 1059 1006 sententiam
1070 983 1081 1017 3
1111 968 1161 1007 δεῖ
1179 969 1314 1018 διανοη-

147 1035 266 1084 τικούς
294 1053 334 1076 τε
365 1036 427 1076 καὶ
458 1035 642 1088 θυμοειδεῖς
668 1033 753 1075 εἶναι
787 1036 849 1084 τὴν
876 1033 980 1086 φύσιν
1002 1034 1083 1082 τοὺς
1109 1034 1313 1088 μέλλοντας

147 1103 355 1160 εὐαγώγους
380 1102 525 1144 ἔσεσθαι
552 1106 603 1156 τῷ
629 1100 793 1157 νομοθέτῃ
818 1101 904 1158 πρὸς
932 1104 995 1153 τὴν
1020 1103 1315 1159 &gathu—unde

146 1171 268 1214 simul
289 1177 460 1226 apparet
480 1169 533 1211 ad
553 1184 678 1225 quam
699 1168 929 1224 disciplinae
955 1169 1134 1225 publicae
1154 1178 1314 1226 partem

147 1246 331 1295 spectare
352 1238 525 1279 deberet
547 1237 739 1279 ludorum
759 1235 974 1279 institutio.
1033 1237 1191 1280 Verum
1212 1253 1316 1291 rem,

148 1307 336 1356 arbitror,
372 1305 531 1347 facilius
565 1303 893 1360 perspexerimus
931 1305 1228 1348 considerando
1264 1321 1316 1349 ea

147 1389 243 1430 quae
269 1380 412 1415 contra
438 1372 644 1421 ludorum,
665 1370 808 1427 quales
837 1371 1072 1422 existerent,
1094 1372 1315 1415 utilitatem

147 1441 347 1497 disputari
363 1439 564 1482 solebant.
609 1439 670 1494 (α)
692 1438 800 1480 Nam
822 1438 936 1481 exiis
951 1439 1023 1496 qui
1038 1440 1241 1496 putabant
1254 1441 1315 1483 rei

149 1507 336 1550 militaris
355 1506 523 1550 omnino
544 1506 691 1548 '’causa
710 1505 963 1548 instituenda
982 1521 1070 1549 esse
1089 1507 1317 1551 certamina

148 1575 327 1632 publica,
367 1573 555 1616 nonnulli
593 1573 900 1616 arbitrabantur
930 1573 1228 1617 infructuosum
1267 1589 1317 1618 ae

147 1648 434 1698 sumptuosum
463 1654 552 1682 esse
580 1639 773 1681 ludorum
806 1640 931 1682 istum
964 1647 1221 1697 apparatum,
1252 1649 1318 1684 ut-

150 1717 246 1766 pote
280 1709 352 1765 qui
386 1723 468 1750 non
503 1707 601 1750 satis
634 1707 686 1749 ad
720 1707 877 1749 bellum
911 1707 1145 1751 referretur.
1205 1710 1316 1752 Cum

149 1777 262 1820 enim
288 1775 574 1818 velocitatibus
603 1782 818 1831 corporu'm
845 1790 893 1818 ac
918 1775 1072 1818 viribus
1096 1783 1158 1819 tot
1186 1785 1318 1820 certa-

147 1844 263 1887 mina
281 1843 517 1900 peragenda
539 1850 878 1899 proponerentur,
899 1850 947 1885 ut
964 1843 1126 1886 nullum
1146 1845 1316 1890 omnino

149 1911 452 1955 exercitationis
470 1926 602 1966 genus
621 1909 817 1952 omissum
832 1909 1053 1965 videretur,
1069 1911 1207 1968 qualia
1222 1920 1319 1955 sunt

150 1979 352 2035 peditum,
367 1978 570 2036 equitum,
583 1977 818 2034 aurigarum
831 1992 985 2029 cursus,
998 1993 1160 2021 necnon
1175 1979 1315 2031 saltus,

195 2081 208 2099 ¹¹
234 2080 326 2111 Plato
341 2080 378 2111 de
396 2080 476 2121 Leg.
493 2080 546 2111 lib.
561 2080 798 2111 8.--Lucianus
819 2078 857 2110 de
880 2079 975 2119 Gym.
992 2078 1055 2116 (ed.
1074 2082 1135 2110 4to.
1159 2080 1317 2112 Amsterd.

154 2132 258 2170 1743.)
273 2142 302 2173 p.
318 2133 390 2163 905.
