1358 2470
67 301 178 346 bant3
203 299 327 335 omnia
343 311 365 335 a
381 299 488 335 luce
477 311 516 334 m
538 300 718 345 tenebras,
737 310 759 334 a
774 300 882 334 rebus
906 299 994 346 ipsis
1010 300 1049 335 in
1067 301 1203 347 species

66 369 188 394 rerum
214 361 370 393 mutata.
423 358 546 392 Multa
565 368 710 404 quoque
732 349 791 392 ab
799 352 977 405 AEgypt‘o‘
980 358 1030 393 ef
1045 356 1202 394 Oriente

66 406 286 452 defluam-:⁷⁶
280 427 362 462 quae
384 416 534 462 quidem
551 427 573 450 a
595 415 844 451 sacerdotibus
872 421 1048 462 tanquam
1080 416 1203 451 arcani

65 473 260 520 disciplina
293 476 438 508 summa
468 473 542 508 fide
574 477 798 509 conservata.
850 473 1004 509 Constat
1034 474 1134 508 enim
1165 475 1203 508 in

67 531 157 567 duas
169 536 290 578 partes
301 531 533 578 relligionem
547 542 650 566 suam
668 531 842 566 Etruscos
858 531 1033 576 divisisse,
1049 532 1203 567 alteram

66 601 149 637 quae
165 590 203 624 in
224 590 304 625 luce
330 590 515 636 oculisque
536 589 731 625 hominum
754 593 971 634 versaretur,
992 601 1075 635 quae
1098 589 1204 624 habi-

66 651 161 683 taret
184 659 270 683 cum
297 647 353 692 iis,
380 647 481 682 domi
510 647 668 694 forisque
693 650 909 691 occurreret,
938 647 1094 682 alteram
1120 659 1203 694 quae

67 717 90 741 a
112 710 307 752 conspectu
323 705 428 753 vulgi
447 710 600 750 remota,
624 710 803 751 tanquam
820 704 858 739 in
877 705 1024 751 speculo
1040 716 1204 740 cernere-

69 767 142 809 tur,
160 763 282 799 densis
297 763 479 799 occultata
494 760 959 799 tenebrfficlrcuin‘ffisa.
964 758 1009 762 ****

66 823 151 858 vero
167 821 354 857 infinitum
370 822 538 857 Deorum
558 831 755 856 numerum
772 820 998 865 informaret,
1012 831 1103 866 quos
1119 820 1203 855 vul-

66 890 134 926 gus
150 878 341 914 intellectu
362 890 491 926 capere
513 883 647 925 posset,
670 878 734 913 illa
753 889 871 913 unum
893 882 1147 924 aeternumque
1168 883 1206 914 et

65 947 132 983 per
156 937 281 972 omnia
305 941 573 973 commeantem
600 937 724 971 Deum
751 935 950 971 revelabat.
1002 936 1204 982 Nunquam

67 994 164 1030 enim
181 994 247 1030 illa
262 999 368 1031 vetus
389 994 600 1041 superstitio
623 993 745 1041 aperte
762 1005 799 1029 se
825 994 862 1028 in
890 994 1011 1029 lucem
1036 995 1203 1041 protulit,

66 1062 196 1087 verum
222 1053 402 1101 imagines
422 1053 598 1099 quasdam
616 1051 809 1099 potestatis
831 1051 910 1099 ejus
933 1051 1101 1098 profudit
1119 1064 1203 1099 quae

15 1119 17 1121 '
66 1110 105 1145 in
122 1122 246 1146 rerum
262 1111 395 1146 natura
411 1110 519 1146 altius
537 1111 726 1146 delitebat.

432 1153 524 1167 μισ-,-
525 1155 643 1164 oeoeoeoeoe

115 1169 191 1204 Nos
207 1179 295 1204 vero
311 1180 424 1215 prope
441 1160 701 1215 sacrilegum*
675 1167 745 1202 rati
769 1167 849 1202 illos
865 1167 1028 1202 numinis
1045 1179 1203 1202 secessus

10 1271 12 1273 ‚
67 1225 217 1271 violare,
235 1237 326 1272 quos
343 1225 413 1272 ipsi
432 1226 590 1261 tenebris
607 1230 645 1261 et
660 1225 818 1272 caligine
829 1225 1142 1272 circumsepirent,
1156 1227 1203 1261 ad

8 1287 12 1333 J
67 1283 274 1319 inferiorem
290 1284 413 1330 potius
432 1284 596 1318 Deorum
608 1284 774 1318 ordinem
784 1283 976 1318 veniamus
988 1294 1078 1329 quos
1090 1283 1202 1319 Com-

68 1341 179 1388 plices
195 1341 272 1377 sive
289 1341 491 1377 Consentes
508 1341 755 1387 appellabant.
800 1341 967 1382 Quorum
982 1345 1025 1375 ut
1040 1341 1204 1385 nomina,

68 1399 118 1434 sic
133 1399 244 1434 etiam
262 1399 381 1435 cultus
403 1399 450 1434 ad
469 1399 654 1434 Romanos
670 1399 817 1434 videtur
832 1399 1077 1445 permanasse.
1130 1399 1205 1440 Qui

69 1466 154 1491 cum
178 1467 333 1492 numero
354 1456 549 1493 duodecim
569 1460 699 1501 essent,
722 1468 785 1492 sex
805 1468 936 1501 mares,
963 1468 1026 1491 sex
1049 1456 1204 1492 feminas

69 1512 305 1560 effingebant,
340 1513 444 1560 quasi
475 1513 641 1548 omnium
668 1525 790 1548 rerum
822 1513 1111 1560 animaliumque
1135 1526 1203 1550 na-

69 1574 159 1605 turae
177 1570 215 1605 in
232 1571 322 1605 duas
339 1575 461 1617 partes
478 1571 778 1618 discerperentur,
797 1571 861 1617 qui
879 1575 1003 1606 tamen
1026 1571 1204 1607 haberent

19 1621 23 1624 ⁶
69 1627 228 1674 aliquam
261 1628 594 1664 communionem.*
653 1629 804 1675 Duplex
833 1640 877 1663 ea
904 1628 1070 1663 Deorum
1103 1630 1204 1665 notio

69 1685 215 1731 penitus
236 1685 275 1720 in
292 1685 546 1721 Romanorum
563 1685 672 1721 sacris
695 1686 830 1721 insedit
846 1690 956 1732 atque
973 1686 1203 1730 inveteravit,

67 1742 130 1789 qui
161 1743 186 1778 J
188 1755 295 1779 ovem
328 1744 353 1779 J
357 1754 600 1789 unonemque,
630 1744 878 1778 Vertumnum
911 1744 1199 1791 Fortunamque,

14 1823 17 1829 ι
71 1803 278 1847 ceterosque
295 1801 500 1848 geminatos
519 1801 617 1835 Deos
630 1801 677 1836 ab
689 1801 839 1835 Etruria
856 1801 1081 1836 derivarunt.
1128 1803 1203 1843 Qui

70 1856 274 1904 Complices
294 1862 481 1894 terrenum
509 1858 606 1893 hune
634 1858 762 1893 orbem
784 1863 960 1904 tanquam
977 1859 1204 1894 domicilium

14 1919 16 1922 ’
69 1914 212 1961 imperii
234 1916 553 1956 administrabant,
580 1927 737 1961 quorum
764 1920 867 1950 motu
891 1905 1074 1952 elementa
1098 1929 1202 1964 rege-

69 1976 205 2017 rentur,
226 1973 402 2008 animalia
420 1973 536 2009 vitam
561 1977 599 2008 et
624 1973 795 2019 spiritum
820 1974 1007 2019 ducerent,
1027 1986 1049 2009 a
1069 1976 1204 2021 quibus

72 2029 235 2065 omnium
250 2042 372 2066 rerum
387 2036 518 2066 natura
533 2030 724 2077 penderet,
743 2035 781 2066 et
800 2043 885 2066 cum
901 2031 987 2068 hinc
1001 2036 1082 2068 orta
1097 2037 1201 2078 esset,

430 2158 444 2173 ⁸
466 2156 583 2183 Muller.
602 2156 700 2184 Etrus.
721 2157 778 2183 111.
793 2160 819 2182 3.

55 2276 1215 2393 ἒέἒέἒὲἒὲἔέἒὲἒέἒ
