1358 2470
147 225 171 262 S
250 233 442 265 QUAENAM
464 231 621 260 FUEm'r
642 231 933 260 CERTAMINUM
956 228 1237 260 PUBLICORUM

145 329 419 387 injucundum
441 330 667 385 adjungere
683 330 1151 386 causarum-quampiam
1174 343 1316 370 recen·-

145 397 303 439 sionem
325 411 376 438 ex
395 395 546 452 quibus
565 396 758 437 effectum
787 395 910 438 fuerit
929 404 976 437 ut
995 395 1158 437 divinus
1182 394 1315 437 omnis

147 466 258 520 apud
289 465 460 506 Graecos
486 463 621 505 cultus
648 466 698 506 eo
726 478 855 520 usque
885 478 980 505 cum
1009 462 1315 519 gymnasiorum

146 547 195 573 ac
214 531 499 588 palaestrarum
521 530 739 586 disciplina
759 534 1087 572 connecteretur.
1142 529 1317 584 Semper

146 599 246 641 sane
276 613 444 640 necesse
473 606 535 640 est
565 598 660 640 cum
691 614 743 640 ex
771 599 898 655 ipsius
927 598 1151 654 relligionis
1181 598 1317 653 cujus-

146 681 272 723 quam
288 673 378 708 tum
394 665 520 707 etiam
534 681 585 707 ex
597 665 800 708 cultorum
816 668 965 709 ‘natura
978 666 1317 708 caeremoniarum

147 733 349 775 rationem
370 733 566 789 pendere.
628 732 787 775 Omnes
807 733 993 789 profecto
1014 733 1187 789 populos
1206 732 1320 774 vide-

148 814 253 848 mus,
289 807 561 840 evanescente
596 798 728 853 magis
760 799 893 842 indies
926 800 1140 855 magisque
1174 799 1320 840 nuntio

147 881 273 924 quem
303 866 356 907 de
387 881 429 907 se
459 866 548 921 ipso
578 865 694 906 Deus
723 865 822 907 olim
850 865 1025 915 fecisset,
1053 866 1111 907 ita
1136 866 1318 907 divinam

146 933 398 988 excogitasse
418 941 624 982 naturam,
646 940 692 974 ut
712 932 764 974 eo
785 933 925 974 omnia
951 947 1046 989 quae
1067 933 1143 989 ipsi
1163 933 1320 989 optima

147 1009 191 1043 et
210 1001 392 1042 maxima
412 1001 614 1041 ducerent
633 999 851 1041 referenda
870 1010 1098 1042 censerent.
1155 1001 1219 1042 Ex
1238 1008 1321 1042 ter-

146 1082 247 1109 reno
267 1067 394 1122 igitur
413 1066 639 1122 exemplari
661 1067 828 1119 coelum,
849 1082 901 1109 ex
921 1068 1103 1109 humano
1124 1067 1210 1120 Dii,
1229 1076 1321 1110 tan·

147 1141 273 1191 taque
290 1134 342 1175 de
359 1134 421 1175 his
437 1141 562 1190 atque
578 1133 649 1175 illo
665 1134 920 1190 opinionum,
935 1142 1090 1191 quanta
1105 1134 1320 1189 regionum

145 1201 446 1257 hominumque
486 1201 668 1257 ipsorum
708 1201 819 1243 inter
857 1216 914 1251 se,
948 1201 1136 1243 varietas.
1209 1201 1319 1244 Cam

146 1268 246 1311 vero
272 1268 535 1323 relligionum
565 1267 752 1310 omnium
780 1267 915 1310 cultus
942 1268 1046 1309 nihil
1073 1268 1187 1310 aliud
1214 1275 1324 1310 esset

147 1335 276 1392 quam
298 1335 534 1377 mortalium
555 1335 608 1376 ad
631 1335 744 1377 Deos
767 1350 953 1377 accessus
981 1343 1024 1377 et
1051 1350 1147 1377 cum
1174 1335 1320 1378 iisdem

148 1403 266 1460 quasi
281 1402 509 1459 expressior
520 1403 714 1459 quaedam
728 1403 996 1452 consuetudo,
1009 1403 1042 1444 is
1054 1404 1165 1459 apud
1177 1418 1324 1460 quem·

148 1485 231 1527 que
266 1470 466 1526 populum
503 1470 844 1512 caeremoniarum
883 1470 1032 1512 modus
1065 1470 1214 1521 extitit,
1250 1471 1323 1528 qui

149 1537 362 1579 coelestem
390 1537 673 1593 praestantiam
706 1537 887 1580 maxime
918 1537 1071 1579 imitari
1101 1538 1322 1582 videretur.

151 1605 278 1655 Quod
297 1606 396 1648 cum
416 1605 540 1648 nullis
570 1621 652 1648 non
684 1605 943 1663 comprobari
969 1606 1096 1662 possit
1122 1607 1324 1664 exemplis

147 1680 238 1715 tum
259 1673 302 1714 in
323 1687 462 1715 rerum
482 1672 717 1715 divinarum
738 1673 850 1729 apud
871 1673 1041 1715 Graecos
1063 1673 1322 1717 institutione

148 1738 331 1782 maxime
371 1739 521 1782 elucet.
602 1740 710 1783 Satis
748 1740 876 1791 enim,
911 1740 1069 1796 opinor,
1104 1741 1324 1784 decantata

148 1806 302 1849 eximia
320 1806 399 1848 ista
417 1807 529 1863 apud
558 1821 628 1849 eos
657 1808 837 1863 corporis
862 1807 1127 1864 pulchritudo
1155 1824 1204 1851 ac
1229 1825 1323 1866 per-

149 1875 289 1924 fectio,
320 1888 452 1930 eaque
487 1875 674 1917 omnium
709 1890 805 1932 quae
838 1875 1023 1932 undique
1062 1883 1160 1932 apta
1197 1885 1323 1934 atque

151 1939 340 1983 absoluta
365 1940 613 1998 expletaque
642 1949 780 1984 essent
807 1942 1000 1984 omnibus
1029 1943 1111 1985 suis
1140 1945 1325 1987 numeris

150 2025 199 2052 ac
211 2009 396 2066 partibus
409 2009 526 2065 quasi
539 2009 707 2066 physica
718 2010 911 2066 quaedam
925 2011 1154 2054 admiratio.
1173 2012 1325 2055 Nescio

151 2091 205 2118 an
234 2090 318 2118 non
345 2076 442 2118 satis
467 2077 682 2134 perspicue
708 2077 752 2119 id
778 2077 887 2134 quod
916 2077 1009 2120 volo
1034 2078 1323 2134 significarim:

152 2143 400 2187 sententiam
429 2151 570 2186 autem
599 2153 778 2187 nostram
810 2145 1073 2187 illustrabant
1098 2146 1163 2188 isti
1192 2146 1325 2203 philo-
