1358 2470
0 302 3 359 Ι
26 303 185 342 Romani
206 303 470 346 adhibuissent,
487 302 552 338 vix
574 302 730 338 dubium
746 306 840 338 esset
857 302 1162 338 Decemvirorum

0 361 1 395 ἰ
27 363 127 410 leges
159 373 205 397 ex
242 361 313 397 hae
341 361 482 408 origine
512 360 656 396 deduci.
710 361 804 401 Quae
835 361 984 407 quidem
1017 362 1163 408 penitus

23 418 117 458 flues
143 419 288 455 ordines
313 419 540 465 separarunt,
567 423 604 453 et
626 418 782 454 Etrusco
807 430 920 462 more,
943 430 1018 454 non
1044 421 1162 466 gradu

24 477 156 521 tulum,
189 478 252 512 sed
284 487 418 524 genere
450 480 529 511 toto
561 476 820 519 distinxerunt,
851 488 936 512 cum
967 477 1162 523 profanum

18 539 119 572 ruet
139 534 358 570 admistione
382 534 499 580 plebis
517 534 682 570 Deorum
705 534 797 569 ritus
817 535 978 575 turbare,
1003 547 1070 571 nec
1093 536 1163 571 nisi

28 592 257 640 magistratui
277 592 408 639 majori
424 591 586 638 auspicia
607 591 904 628 concederentur.
957 593 1108 628 Etenim
1125 594 1161 628 in

24 655 149 687 vetere
175 649 245 686 ista
269 650 521 686 Romanorum
546 650 747 696 republica,
773 649 968 685 flaminum
996 652 1163 687 sacerdo-

16 711 180 755 ?tumqne
204 707 359 755 collegia
385 718 461 742 non
486 707 596 742 modo
622 718 708 743 cum
732 708 900 743 Patriciis
924 713 1023 744 arete
1044 710 1163 745 cohae-

14 766 170 812 nebant,
192 776 322 800 verum
341 765 413 811 ipsi
432 765 543 811 poene
572 765 611 800 in
636 765 789 800 tertium
815 766 973 802 civitatis
995 768 1162 803 ordinem

7 816 199 870 {descripti
216 827 313 858 sunt.
353 823 445 858 Erat
460 823 658 870 aliquando
675 823 771 859 certe
789 828 947 871 tempus,
964 836 1049 860 eum
1065 826 1164 861 Deos

11 878 112 921 ¹*cum
120 883 330 919 hominibus
337 883 485 928 versari,
497 894 582 919 cum
594 883 730 927 omina,
745 895 828 919 cum
839 889 1009 930 portenta
1021 887 1163 921 ostendi

9 941 190 978 screderet
218 941 375 987 simplex
403 945 442 976 et
469 945 612 987 agreste
642 953 777 988 genus:
817 943 973 978 necdum
999 955 1053 987 ea,
1080 955 1163 989 quae

14 987 154 1049 ³spostea
168 1003 317 1047 gentem
334 998 538 1045 occupavit,
556 999 783 1047 negligentia
806 1000 972 1035 Deorum
989 1002 1164 1037 saeculum

10 1099 14 1104 Ι,
26 1061 207 1093 tenuerat.
258 1057 349 1092 Post
373 1056 525 1092 seientia
552 1069 637 1092 cnm
662 1069 731 1092 usu
755 1058 937 1093 obsoleta:
965 1060 1166 1095 manebant

7 1113 248 1151 {simulachra
264 1114 434 1160 quaedam
450 1114 708 1161 auspiciorum,
726 1115 888 1162 auspicia
911 1116 1012 1152 nullo
1031 1118 1162 1152 modo:

0 1169 98 1220 ipsi
124 1182 281 1218 quoque,
299 1177 341 1206 ut
362 1172 465 1216 solet,
488 1172 527 1206 in
549 1177 659 1218 gente
679 1184 701 1207 a
718 1173 884 1208 Deorum
906 1174 1007 1209 cultu
1024 1176 1163 1216 aversa.

0 1228 218 1276 pontifices
240 1229 446 1264 elevabant.
499 1229 553 1264 Ut
568 1241 655 1265 vero
678 1230 725 1265 ab
748 1231 908 1266 Etruscis
927 1231 1038 1267 insita
1063 1238 1166 1268 erant

2 1285 14 1336 {T
29 1286 208 1322 Romanae
219 1285 388 1332 civitatis,
404 1298 445 1322 ac
456 1287 564 1333 poene
577 1287 696 1322 omnis
709 1288 903 1333 societatis,
911 1288 1164 1335 fundamenta,

3 1338 80 1380 ”sssic
112 1356 166 1390 ea,
197 1356 281 1381 eum
315 1357 337 1380 a
363 1349 592 1391 posterorum
620 1346 769 1381 levitate
803 1346 954 1393 disjecta
982 1354 1100 1383 essent
1129 1355 1167 1384 et

0 1400 12 1446 {7
30 1403 191 1438 Asiatica
208 1403 464 1449 superstitione
479 1409 730 1449 conspurcata,
745 1408 822 1439 tota
833 1404 936 1450 quasi
952 1405 1164 1451 reipublicae

29 1459 176 1506 fabrica,
189 1462 340 1508 disjecto
353 1461 512 1506 cardine,
531 1461 750 1497 labefactata
763 1467 828 1497 est.
870 1462 895 1496 J
898 1474 958 1497 am
972 1464 1167 1510 populares

9 1529 11 1531 ’
32 1517 131 1553 Deos
153 1519 286 1554 multos
309 1519 532 1565 rejiciebant,
558 1530 673 1554 unum
699 1519 826 1555 revera
848 1520 983 1565 Deum,
1007 1521 1165 1568 impera-

2 1580 11 1618 ζι
31 1579 147 1611 torem
180 1577 301 1622 ipsum
332 1576 434 1611 cultu
463 1576 589 1612 divino
619 1577 834 1613 adorabant.
888 1578 1018 1614 Potuit
1047 1580 1168 1625 primo

0 1660 6 1678 a
14 1680 16 1682 v
31 1633 178 1680 quidem
191 1634 368 1680 ejusmodi
380 1633 524 1681 relligio
539 1634 856 1681 ingravescentem
872 1636 1020 1682 imperii
1032 1637 1168 1672 molem

0 1688 18 1726 δ’,
31 1691 148 1738 specie
165 1692 371 1727 continere:
398 1692 592 1738 paullatim
615 1692 810 1739 ingruente
832 1694 993 1739 luxuria,
1013 1695 1167 1742 singulis

0 1751 10 1795 ’ξ
32 1749 202 1784 membris
217 1753 260 1784 ut
275 1749 313 1784 in
331 1749 493 1784 exanimi
510 1761 672 1796 corpore,
689 1751 810 1797 potius
828 1752 1036 1798 compositis
1054 1765 1167 1799 quam

0 1811 12 1850 ξ,
32 1806 222 1854 colligatis,
233 1807 336 1842 nulla
352 1806 424 1843 fuit
438 1811 542 1842 tanta
558 1807 613 1843 vis
624 1820 705 1854 quae
722 1809 881 1844 lacerum
896 1815 933 1845 et
949 1810 1165 1845 dissolutum

33 1863 186 1900 cadaver
208 1864 401 1908 animaret,
427 1877 508 1911 quae
535 1869 600 1901 aut
625 1870 796 1902 externos
820 1867 981 1902 hostium
1008 1869 1168 1915 impetus

0 1928 2 1933 “
34 1922 245 1970 profligaret
264 1926 329 1958 aut
347 1921 433 1958 fidei
452 1922 671 1959 Christianae
689 1924 882 1960 resisteret.
926 1925 1010 1960 Una
1032 1926 1166 1961 artium

0 1974 19 2015 ,ἐξ
34 1984 283 2025 monumenta,
300 1981 489 2016 literarum
507 1985 681 2026 vetustas,
700 1993 784 2017 cum
807 1982 980 2028 moribus,
998 1988 1040 2018 ut
1062 1983 1165 2028 solet,

0 2012 17 2083 ὲ,
34 2037 250 2084 depravata:
277 2050 366 2073 mox
389 2039 531 2085 relligio
554 2039 623 2074 ista
641 2051 662 2074 a
679 2044 734 2074 tot
752 2039 892 2075 saeculis
910 2040 1102 2083 exstincta,
1121 2042 1167 2075 ab

0 2083 15 2140 ξ
32 2095 104 2131 alia
119 2101 227 2143 gente
244 2096 282 2130 in
299 2096 409 2131 aliam
427 2097 615 2141 translata,
635 2096 802 2132 funditus
819 2097 969 2133 interiit.

0 2141 18 2218 ξ
82 2153 157 2189 Nec
184 2165 269 2189 vero
293 2154 577 2189 existimandum
606 2158 660 2189 est
686 2166 729 2189 ea
756 2155 848 2189 adeo
872 2155 1018 2200 penitus
1042 2157 1166 2191 omnia
