1358 2470
239 220 355 251 APUD
376 220 593 254 ANTIQUos
613 220 679 249 VIS
702 220 757 249 ET
779 207 1008 249 U'riLl'rAS?
1198 211 1222 248 7

31 320 110 366 sibi
151 321 482 380 Amphictyones
521 336 610 363 esse
641 319 895 362 viderentur.
959 320 1065 364 Fere
1106 319 1219 362 enim

12 403 19 421 “f
30 389 143 448 apud
160 392 332 434 Graeeos
348 390 497 433 eAdem
514 390 642 447 stirpe
658 388 826 431 oriundi
843 395 964 431 erant
978 388 1050 446 qui
1071 388 1220 436 iisdem

11 459 155 504 saeris
175 460 413 502 utebantur.

90 528 457 585 Supervacaneum
509 527 789 584 ineptumque
833 525 942 568 foret
982 526 1222 582 hujusmodi

29 596 121 640 loco
152 597 347 655 prosequi
375 597 479 655 quid
505 596 704 646 effecerit,
739 594 842 653 quid
871 595 1088 645 deleverit,
1120 595 1222 652 quid

29 665 316 708 immutaverit
339 663 662 706 Heraclidarum
684 661 757 718 qui
777 660 1027 717 appellatur,
1049 661 1221 703 nomine

11 734 128 777 'satis
164 742 280 776 arcto
314 742 590 790 angustoque,
631 730 824 779 Reditus,
860 737 935 772 aut
970 730 1222 772 Doricarum

33 801 238 846 Gentium
261 801 477 858 Migratio.
541 799 650 842 Satis
673 798 800 840 fuerit
820 798 1111 854 compressisse
1132 814 1223 840 rem

0 904 2 906 .
30 869 210 912 dicendo
230 884 358 911 unam
380 869 596 911 nationem
616 868 677 910 ita
703 866 970 924 praevaluisse
992 867 1155 909 caeteris
1177 875 1224 909 ut

0 940 2 946 ’
30 951 163 980 unum
198 952 251 979 ex
284 937 475 994 pluribus
514 936 718 993 populum
749 934 947 978 efficeret.
1011 935 1223 985 Quocirca

33 1005 394 1062 Amphictyonum
428 1019 597 1062 quoque
627 1003 701 1046 illa
730 1003 921 1054 concilia,
953 1019 1220 1061 quaecunque

0 1093 2 1095 ’
33 1075 197 1117 caeteris
216 1074 289 1117 illo
316 1075 445 1117 etiam
473 1082 663 1131 tempore
683 1073 809 1116 latius
836 1082 1031 1129 paterent
1052 1077 1152 1131 (quo
1179 1074 1222 1115 in

0 1176 3 1194 2
31 1156 188 1200 genere
208 1152 342 1196 erant,
359 1144 520 1202 opinor,
538 1151 718 1201 quatuor
738 1142 809 1184 illa
829 1143 942 1200 apud
964 1143 1222 1200 Olympiam,

0 1244 3 1251 ι
31 1213 237 1270 Delphos,
266 1213 490 1263 Nemeam,
515 1211 724 1254 Isthmum
753 1209 980 1266 celebrata)
1006 1210 1144 1252 adhuc
1174 1225 1226 1252 ea

0 1305 2 1307 >
32 1297 99 1326 res
117 1283 335 1333 dilatabat,
357 1290 402 1324 et
420 1280 617 1323 universe
636 1288 763 1336 gente
791 1280 902 1321 inter
922 1295 965 1322 se
987 1280 1223 1322 consociata

0 1395 2 1398 ,
32 1350 228 1394 ludorum
242 1365 411 1409 quoque
426 1348 675 1391 instituebat
687 1347 1044 1391 communionem.
1097 1350 1224 1394 Certe

0 1433 3 1474 g
34 1418 394 1469 Lacedaemonios,
409 1418 481 1476 qui
499 1416 784 1466 Doriensium,
798 1416 878 1458 hoc
893 1424 969 1466 est,
991 1416 1224 1459 Hellenfim

31 1488 241 1546 principes
275 1496 409 1539 erant,
440 1502 538 1530 cum
574 1486 770 1528 ludorum
808 1485 1129 1542 Olympicorum
1160 1487 1225 1528 in-

0 1583 2 1586 >
32 1556 261 1608 stitutione,
284 1556 350 1599 vel
380 1556 518 1613 potius
547 1553 917 1610 redintegratione,
948 1563 1227 1598 monumenta

31 1625 247 1669 literarum
277 1625 569 1683 antiquissima
596 1625 873 1681 conjungunt.
951 1624 1102 1682 Itaque
1133 1639 1227 1667 cur-

0 1683 10 1693 .‚
34 1702 152 1738 rente
188 1695 350 1738 calamo
382 1694 718 1737 animadvertere
748 1693 853 1735 libet
893 1707 977 1735 non
1008 1693 1143 1750 magis
1171 1694 1226 1736 ab

0 1770 6 1806 ἵ
36 1761 289 1806 Hellenibus
318 1763 515 1805 ludorum
546 1762 709 1815 orbem,
728 1765 858 1818 quam
890 1761 1087 1804 ludorum
1117 1762 1225 1805 cele-

33 1829 186 1874 britate
205 1831 437 1874 Hellenum
459 1845 615 1873 nomen
637 1830 942 1887 amplificatum
963 1845 1067 1872 esse.
1111 1831 1224 1873 Con-

34 1897 227 1942 sistamus
256 1899 386 1955 igitur
419 1898 595 1955 paulum
629 1897 709 1940 hoc
744 1897 852 1952 loco,
887 1897 1226 1941 unde-videmus

0 2016 1 2020 ,
34 1969 264 2012 certamina
283 1969 495 2027 quaedam,
511 1969 552 2011 vi
573 1968 841 2025 antiquarum
862 1968 915 2010 de
935 1968 986 2010 iis
1005 1969 1225 2011 notionum

35 2036 209 2082 minime
244 2038 454 2094 corrupta,
485 2052 511 2079 a
545 2036 718 2092 singulis
748 2035 1018 2078 societatibus
1048 2036 1101 2078 ad
1133 2037 1226 2079 uni-

35 2107 196 2150 ver-Sam
219 2108 468 2150 Graecorum
490 2105 795 2163 rempublicam
816 2103 1029 2147 translata.

0 2166 2 2180 ³
94 2174 207 2218 Huic
228 2189 326 2219 vero
345 2174 454 2232 parti
476 2189 558 2217 non
579 2173 728 2216 inutile
749 2173 922 2215 fortasse
942 2173 1068 2215 fuerit
1089 2189 1226 2232 neque
