1358 2470
221 136 425 235 Osffijffi)
466 131 754 233 Osffiffifffi}
792 167 816 196 ΟΣ
873 165 899 195 03
954 165 998 195 οἶδ
1037 129 1321 229 Osffisffi'ffi)

204 312 488 358 stimularetque,
517 311 594 346 sine
622 311 695 356 qua
721 321 787 345 nec
813 310 917 357 vigor
942 313 1036 346 esset
1066 310 1105 344 in
1132 309 1318 357 republica

205 369 375 416 gerenda,
397 380 463 404 nec
482 368 560 403 vita
584 367 744 410 omnino,
766 378 847 412 quae
873 367 1071 402 humanam
1092 371 1252 401 mentem
1271 365 1318 400 ad

204 437 378 471 magnum
393 425 529 470 aliquid
546 424 756 470 impelleret.

253 481 411 516 Difficile
438 486 492 516 est
517 480 640 515 omnia
668 491 879 515 enumerare
902 492 984 526 quae
1010 480 1057 515 ad
1079 480 1172 515 hanc
1192 479 1250 514 vel
1272 478 1319 514 ad

205 539 306 574 illam
323 538 519 584 relligionis
537 537 690 572 formam
708 537 861 571 incertos
885 537 1012 583 populi
1035 536 1174 571 animos
1190 535 1319 570 incita-

205 596 334 630 verint.
359 595 496 630 Verum
510 599 551 628 ut
561 593 703 640 relligio
715 593 761 627 ad
771 604 889 628 mores
897 598 934 627 et
944 593 1108 627 instituta
1119 591 1320 633 hominum,

205 652 251 686 ad
268 651 408 686 varium
423 650 578 686 civitatis
592 654 725 684 statum
741 649 967 691 informatur,
980 649 1030 684 sic
1047 649 1174 684 eadem
1187 647 1320 682 artium

207 707 336 749 studia,
354 718 473 741 rerum
490 706 717 752 publicarum
732 705 994 741 vicissitudines
1010 705 1122 752 probe
1146 704 1316 741 ostendit.

208 763 301 804 Quae
320 763 437 809 primo
461 762 622 808 quidem,
640 766 682 796 ut
701 762 796 796 inter
811 766 970 808 agrestes
983 762 1066 797 rudi
1081 761 1321 807 simplicitatis

206 820 345 867 origine
364 820 516 862 imbuta,
535 830 620 853 mox
641 830 710 853 usu
731 818 916 862 diuturno,
932 818 991 854 vel
1009 817 1321 864 superstitionibus

206 875 355 923 peregre
372 875 553 916 immissis,
567 865 975 920 impedi-tiffiafill'atim
988 874 1067 909 fieri
1079 874 1202 920 coepit.
1235 873 1259 908 J
1261 884 1320 908 am

207 933 323 978 qualis
344 932 442 978 apud
469 931 586 966 Italiae
605 931 756 977 populos
778 931 916 977 priscus
937 931 999 966 ille
1027 930 1137 966 fuerit
1158 930 1320 965 Deorum

207 989 338 1032 cultus,
364 999 410 1023 ex
437 987 654 1022 Sabinorum
676 987 804 1022 ritibus
830 988 1000 1034 augurari
1025 988 1131 1023 licet:
1159 988 1222 1033 qui
1247 998 1320 1033 quo

207 1045 367 1090 primum
383 1044 461 1079 loco
477 1043 596 1089 quirin
613 1044 832 1087 defixissent,
851 1045 992 1080 summa
1014 1045 1106 1080 banc
1122 1044 1323 1080 reverentia

207 1100 418 1135 adorabant.
468 1099 597 1135 Omnis
628 1100 692 1135 illa
720 1105 886 1136 veterum
918 1102 1154 1136 Etruscorum
1181 1100 1321 1148 relligio

208 1157 465 1204 agriculturam
492 1157 699 1202 spectabat:
732 1157 756 1192 J
759 1169 871 1192 anum
893 1158 1002 1204 agris,
1027 1158 1225 1193 Saturnum
1247 1156 1322 1192 cul-

207 1214 346 1249 toribus
354 1214 607 1259 praeficiebant‚
615 1218 789 1256 montem,
795 1213 959 1257 fluvium,
966 1214 1170 1260 vallemque
1176 1223 1322 1248 omnem

210 1271 353 1305 infinito
371 1271 534 1306 Deorum
556 1282 707 1306 numero
726 1271 992 1306 consecrabant.
1043 1270 1134 1310 Quis
1159 1269 1256 1304 enim
1283 1268 1323 1303 in

209 1326 366 1373 fulgure,
383 1326 421 1362 in
442 1331 547 1362 terroe
570 1327 739 1371 motibus,
758 1327 796 1361 in
819 1327 927 1362 maris
951 1326 1227 1373 tempestatibus
1250 1336 1323 1360 non

209 1388 425 1430 praesentem
434 1384 555 1418 Deum
567 1383 709 1419 audiret
716 1386 1017 1430 agnosceretque?
1041 1395 1122 1430 quae
1132 1383 1324 1417 numinum

209 1439 373 1486 vestigia,
386 1439 415 1485 si
425 1439 527 1474 nulla
538 1440 686 1475 omnino
695 1440 820 1476 fuisset
831 1441 983 1487 relligio,
991 1445 1112 1476 tamen
1124 1452 1189 1486 per
1200 1452 1236 1474 se
1248 1441 1324 1486 ipse

209 1495 352 1530 animus
367 1495 556 1531 hominum
574 1495 834 1532 reformidaret.
872 1497 971 1533 Hinc
987 1498 1110 1532 avium
1123 1497 1324 1532 volantium

210 1552 549 1598 strepitantiumque
574 1553 707 1597 omina,
728 1553 813 1588 hinc
840 1565 917 1588 mos
942 1553 1060 1599 pullos
1087 1552 1326 1595 consultandi,

211 1609 295 1643 hinc
312 1609 427 1644 omnis
443 1609 627 1655 auguralis
642 1609 719 1651 illa,
737 1621 818 1655 quae
835 1610 881 1644 ad
902 1610 1084 1645 Romanos
1097 1609 1325 1655 permanavit

211 1665 411 1711 disciplina.
465 1666 599 1700 Verum
629 1665 693 1700 ubi
722 1665 862 1709 civitas,
892 1678 1002 1712 quam
1033 1666 1154 1702 Groeci
1181 1670 1325 1708 vocant,

211 1721 379 1757 instituta
395 1726 499 1764 esset,
510 1722 672 1768 variique
689 1722 832 1757 ordines
848 1723 952 1758 certis
963 1723 1135 1770 gradibus
1145 1722 1322 1763 distincti;

211 1778 352 1824 relligio
367 1789 452 1813 vero
474 1779 591 1814 omnis
607 1778 646 1813 in
662 1790 787 1814 eorum
804 1783 897 1814 esset
913 1779 1090 1821 manibus,
1109 1790 1218 1824 penes
1237 1789 1325 1824 quos

211 1834 418 1880 imperium,
444 1846 526 1870 cum
551 1835 608 1870 his
632 1835 742 1870 armis
767 1835 814 1869 ad
840 1835 1014 1881 regendos
1038 1835 1164 1881 populi
1187 1834 1326 1869 animos

211 1890 403 1936 optimates
420 1894 619 1934 uterentur,
637 1895 774 1936 quanta
789 1897 882 1926 esset
891 1891 1027 1926 rituum
1041 1890 1201 1933 scientia,
1216 1902 1326 1936 quam

211 1946 431 1982 incredibilis
455 1958 575 1981 rerum
593 1947 856 1993 verborumque
878 1947 1057 1983 subtilitas
1077 1947 1211 1991 futura,
1229 1959 1324 1993 prae-

212 2003 336 2038 sertim
360 2003 489 2038 animis
505 2003 694 2038 hominum
711 2004 747 2038 in
765 2004 831 2039 hoc
853 2015 969 2039 unum
985 2003 1184 2039 conversis!
1234 2004 1326 2039 Mox

211 2059 350 2093 Janum
376 2070 495 2094 rerum
520 2059 683 2094 omnium
706 2060 925 2106 principium
948 2064 985 2095 et
1007 2059 1143 2095 fontem
1164 2060 1326 2106 appella-

213 2116 325 2159 bant;
351 2115 508 2151 Saturno
525 2127 658 2153 coecam
674 2116 857 2162 quandam
867 2116 944 2152 vim
962 2121 999 2151 et
1010 2121 1177 2152 naturam
1190 2116 1325 2151 tribue-
