1358 2470
274 208 389 238 APUD
410 207 626 240 ANTIQUOS
647 207 711 235 VIS
734 206 788 235 ET
813 193 1037 235 U'rlLlTAs?
1207 195 1254 233 17

64 309 298 367 oequalibus
317 308 590 351 consuetudo.
634 307 718 349 Sed
739 316 881 349 tamen
904 306 1106 363 paulatim
1131 305 1256 347 modo

63 379 106 421 in
128 378 238 421 ludis
257 377 498 420 ordinandis
525 376 754 419 obtinuisse
781 376 902 417 istam
934 375 1175 432 opinionem
1203 389 1257 417 ex

64 464 115 491 eo
150 456 327 500 constat,
357 446 474 504 quod
509 445 679 488 feminae
719 446 875 488 seriush
911 445 1093 487 exclusae
1131 454 1253 487 sunt:

64 531 203 574 neque
247 515 361 558 enim
405 514 591 564 athletae‚
633 514 777 571 paucis
817 523 916 556 ante
958 513 1255 570 Thucydidem

64 586 198 636 annis,
238 584 407 641 cingula
445 584 739 640 deposuerant,
774 583 848 640 qui
888 598 971 625 non
1014 583 1090 624 nisi
1134 583 1257 625 Grae-

64 669 208 697 corum
241 669 330 696 mos
360 661 481 696 esset.
545 653 659 694 Hinc
692 652 846 694 nimius
875 652 947 694 ille
979 650 1256 694 concurrendi

63 723 288 780 appetitus,
327 722 400 779 qui
439 724 732 778 saepenumero
771 720 943 778 quidem
990 729 1137 762 contra
1175 719 1258 761 uti-

63 793 203 835 litates
231 791 422 849 publicas
456 791 584 833 etiam
624 790 840 847 peccabat.
908 789 1257 846 Quotiescunque

64 863 178 906 enim
209 861 300 905 orat
330 863 646 919 obtestaturque
680 860 991 903 Demosthenes
1020 875 1116 902 suos
1146 860 1258 902 cives

63 941 112 974 ut
151 947 306 975 cuneos
346 946 441 974 cum
483 931 685 980 transtris,
718 930 936 988 gymnasia
975 944 1071 971 cum
1113 928 1258 970 castris

63 1002 401 1044 commutarent!
450 1016 554 1058 quos
587 1008 779 1057 sumptus
817 1015 842 1042 a
875 999 1072 1041 libertate
1110 997 1259 1040 defen-

64 1070 206 1113 denda
224 1070 269 1112 in
291 1069 626 1127 spectaculorum
646 1068 789 1110 inania
809 1083 974 1114 aversos
988 1067 1256 1123 indignatur!

64 1139 355 1188 Quamobrem
371 1140 426 1182 de
446 1138 747 1182 certaminibus
766 1137 808 1178 in
832 1137 1072 1178 universum
1089 1136 1179 1178 istis
1198 1135 1260 1178 ita

62 1202 149 1251 fere
178 1223 355 1251 censeo:
406 1207 582 1251 minime
613 1207 713 1250 boni
743 1206 1027 1264 sapientisque
1057 1221 1147 1248 esse
1180 1205 1258 1247 viri

61 1286 136 1319 aut
162 1277 244 1319 levi
273 1277 502 1319 ambitione
532 1290 757 1333 provocare
788 1274 899 1317 cives
929 1274 983 1316 ad
1012 1289 1064 1316 ea
1093 1273 1260 1330 agenda

63 1361 161 1404 quae
180 1347 386 1403 optimum
410 1361 624 1404 quemque
651 1336 1046 1400 deceant—nempe
1074 1352 1122 1385 ut
1148 1344 1255 1400 pati-

62 1415 221 1457 entiam
252 1424 295 1458 et
324 1415 613 1458 fortitudinem
645 1413 918 1456 colant—aut
945 1412 996 1455 iis
1026 1412 1260 1456 rationibus

63 1483 204 1526 favere
239 1499 337 1542 quae
367 1484 548 1528 nimium
583 1483 775 1526 homines
805 1497 830 1525 a
859 1482 986 1524 rebus
1015 1481 1258 1524 domesticis

63 1560 260 1595 avocent:
291 1560 366 1595 aut
391 1552 570 1609 puerilia
595 1552 734 1595 studia
759 1552 819 1594 ita
845 1552 1103 1608 amplificare
1126 1551 1258 1593 hono-

65 1623 180 1666 ribus
214 1631 264 1666 ut
296 1623 340 1665 in
377 1623 540 1666 virilem
575 1630 748 1666 aetatem
786 1623 989 1666 invadant
1021 1638 1255 1680 verumque

63 1692 246 1735 officium
267 1693 506 1736 extrudant.

123 1764 221 1804 Hoc
250 1769 393 1803 autem
433 1761 526 1804 loco
563 1761 618 1804 de
649 1761 863 1819 Dionysiis
899 1761 1128 1804 dicendum
1168 1769 1255 1812 est;

64 1843 249 1886 namque
270 1829 423 1871 artium
439 1829 625 1886 praemiis
637 1829 1016 1886 promovendarum
1034 1829 1116 1872 alia
1131 1844 1258 1872 causa

65 1911 155 1939 esse
194 1897 375 1949 videtur,
415 1898 685 1956 dubitarique
725 1905 864 1954 potest
909 1912 977 1947 an,
1025 1896 1256 1939 certamine

64 1965 225 2022 tragico
262 1966 440 2018 sublato,
482 1975 544 2010 tot
582 1967 816 2010 extitissent
861 1966 1017 2010 fabulae
1063 1966 1259 2023 pulcher-

65 2034 200 2088 rimae,
219 2049 317 2093 quae
346 2050 498 2087 mores,
520 2050 606 2078 non
636 2036 804 2079 Atticos
831 2036 959 2078 modo
987 2035 1142 2088 dicam,
1171 2050 1259 2077 non

67 2102 255 2155 Graecos,
291 2118 376 2146 non
407 2103 616 2162 antiquos,
644 2106 790 2148 verum
823 2104 1029 2147 humanos
1058 2103 1259 2146 informa-

225 2223 227 2226 .
286 2192 301 2214 h
330 2190 380 2221 Cf.
398 2190 596 2233 Thucydidis
611 2191 715 2223 locum
731 2191 823 2234 supra
840 2193 1043 2235 descriptum.
