1358 2470
122 728 441 773 TRIUMPHI
469 728 676 771 POMPA
705 728 870 792 APUD
901 727 1208 770 ROMANOS.

122 971 288 1007 GENTIS
309 970 491 1007 Romanae
511 969 653 1006 cineres
671 975 885 1017 aeternaque
903 966 1042 1003 circum

71 1038 220 1078 Moenia
239 1040 372 1077 ductus
390 1038 511 1076 adhuc
530 1038 680 1075 sinuoso
699 1037 851 1074 flumine
870 1037 1037 1088 Thybris

73 1109 240 1159 Respicit
256 1110 456 1147 herbosum
474 1108 623 1151 collem,
641 1115 855 1157 tentataque
875 1106 997 1144 Gallis

71 1178 250 1216 Culmina
267 1190 456 1222 saxorum,
474 1175 588 1215 vidufi.
606 1175 684 1227 quin.
701 1176 802 1214 mole
820 1176 1005 1213 columnae

71 1247 282 1285 Horrentes
300 1256 475 1298 superant
492 1247 638 1291 dumo&
656 1246 886 1296 mentitaque
903 1257 1040 1281 nomen

70 1317 280 1368 Antiquum
301 1317 403 1354 tenui
421 1324 580 1367 surgunt
599 1315 788 1366 Capitolia
807 1314 904 1352 fastu
918 1327 982 1352 :—

70 1386 238 1423 ——Vasta
255 1386 342 1430 situ,
361 1395 399 1423 et
415 1385 564 1437 placida
583 1385 725 1422 dudum
743 1384 826 1422 loca
844 1393 972 1421 sancta
990 1384 1127 1434 quiete.

73 1455 252 1492 Attamen
267 1454 331 1493 hie
349 1455 452 1500 olim,
470 1455 569 1493 bello
589 1454 679 1492 dum
699 1453 822 1492 Roma
839 1454 999 1504 vigebat,

73 1525 172 1561 Ante
189 1524 322 1561 Jovem
348 1524 442 1573 (jam
461 1523 548 1561 fana
560 1524 700 1572 jacent,
717 1535 840 1573 neque
858 1523 1009 1573 Jupiter
1026 1534 1188 1573 usquam

76 1592 232 1629 Numen
250 1593 383 1641 habet)
406 1605 523 1630 saevos
542 1592 671 1637 fasces,
688 1593 927 1644 positumque
945 1591 1108 1629 tribunal

75 1661 266 1706 Consulis,
284 1669 322 1699 et
339 1661 469 1699 ductas
485 1662 623 1712 pariter
640 1664 709 1700 sub
728 1662 836 1713 signa
854 1662 1025 1699 cohortes

76 1730 240 1768 Cernere
259 1738 358 1768 erat:
386 1731 514 1781 patriis
532 1731 621 1768 hinc
638 1743 723 1768 acer
739 1731 848 1768 miles
866 1731 906 1767 in
924 1731 1036 1768 armis

78 1799 255 1837 Prodibat
272 1812 375 1837 sacra
392 1806 548 1837 testatus
567 1797 809 1851 Geniumque
826 1800 993 1837 locorum

76 1869 358 1921 Custodemque
379 1868 520 1913 Deum,
539 1882 604 1907 seu
622 1882 713 1920 gens
732 1869 928 1920 Tyrrhena
945 1877 1091 1919 pararet

78 1938 242 1976 Insidias
261 1939 473 1989 celeresque
493 1939 611 1984 dolos,
630 1952 695 1977 seu
715 1939 902 1990 linqueret
919 1939 1033 1990 Alpes

77 2009 224 2053 Gallus,
242 2018 279 2046 et
297 2008 432 2046 infesto
452 2008 624 2046 fremeret
644 2009 792 2047 Latium
811 2021 922 2045 omne
940 2008 1113 2046 tumultu.

76 2078 202 2128 Atque
219 2078 307 2123 huc,
327 2091 445 2129 quum
464 2078 615 2129 propria
632 2090 796 2129 praesens
813 2078 965 2115 victoria
982 2078 1090 2115 lauru

76 2147 225 2185 Velfirat
242 2146 400 2186 sublime
419 2159 557 2191 comas,
575 2147 767 2198 hostisque
785 2147 949 2184 minaces

78 2205 329 2254 Conciderant
347 2217 535 2268 strepituS‚
555 2216 602 2254 ad
620 2216 762 2267 templa
780 2215 939 2254 faventia
957 2217 1052 2254 votis

80 2285 244 2323 Flectere
262 2299 379 2337 equos
397 2287 525 2330 victor,
544 2286 663 2336 spolia
680 2292 718 2322 et
734 2286 896 2337 pretiosa
914 2299 980 2338 per
997 2299 1078 2324 aras

641 2366 666 2391 A
686 2357 710 2392 2
