1358 2470
245 167 359 197 APUD
379 166 597 200 AN‘rmuos
617 166 684 196 V1s
707 165 760 194 ΕΤ
782 155 1011 195 numus?
1167 155 1218 193 91

30 282 119 310 esse
136 267 362 326 Olympiae,
379 282 512 325 quum
529 267 690 310 Lesbos
708 266 989 310 defectionem
1010 267 1065 309 ab
1089 265 1224 309 Athe·

31 336 245 379 niensibus
274 335 454 389 fecisset,
477 336 654 393 jamque
690 336 816 378 armis
844 343 1071 393 peteretur.
1135 335 1222 378 Sed

30 404 312 455 utilissimum,
343 403 503 461 opinor,
533 404 640 446 illud
669 404 784 462 quod
813 403 1001 446 certandi
1031 403 1220 453 facultas,-

32 474 280 517 Graecorum
300 472 489 515 omnium
521 472 772 526 communis,
791 472 846 514 ad
870 472 1054 528 partium
1080 471 1222 515 inimi-

30 541 149 584 citias
192 541 446 598 mitigandas
492 548 715 598 spectaret,
765 540 922 599 quippe
971 540 1087 598 quod
1136 555 1220 583 non

30 611 212 668 amplius
259 611 313 654 de
362 626 532 669 quoque
580 610 858 668 quaerendum
906 616 1029 660 esset,
1075 609 1220 651 utrum

30 681 303 738 optimatibus
331 696 384 724 an
414 680 531 738 plebi
557 681 736 723 faveret:
784 679 949 722 nullum
983 678 1113 729 enim,
1148 693 1221 721 ex-

30 757 154 807 cepto
181 749 422 806 aurigarum
451 764 591 801 cursu,
618 756 832 791 certamen
862 748 940 790 sua
969 748 1134 797 natura,
1166 761 1221 788 ne

30 819 169 862 dicam
189 819 284 876 lege
303 826 377 862 aut
403 818 610 869 instituto,
631 818 684 860 ad
712 817 826 859 hunc
846 815 984 873 potius
1010 815 1142 873 quam
1165 816 1220 858 ad

30 888 151 931 illum
170 888 214 930 in
234 888 452 945 republica
471 887 664 931 ordinem
691 885 943 944 pertinebat.
1006 885 1116 927 Sunt
1141 884 1222 928 ista

30 958 204 1016 quidem
223 958 396 1015 aliquid.
458 957 680 1001 Cimonem
701 963 862 1007 tamen,
883 953 1222 1002 Miltiadisillius

30 1034 210 1085 patrem,
251 1027 324 1085 qui
363 1034 448 1070 tres
496 1026 551 1069 ab
592 1025 795 1084 Olympia
833 1024 1027 1067 victorias
1069 1023 1220 1067 iisdem

29 1097 245 1155 quadrigis
291 1096 538 1154 reportarat,
591 1093 867 1138 Pisistratidae
905 1094 1220 1138 interfecerunt.

31 1166 210 1208 Necnon
246 1165 492 1208 Alcibiades
526 1166 625 1208 cum
660 1171 806 1206 contra
839 1162 1099 1207 adversarios
1126 1177 1224 1211 suos

30 1248 75 1276 se
105 1233 367 1286 defenderet,
396 1233 441 1276 id
470 1233 608 1291 ipsum
638 1232 944 1290 praetendebat,
979 1231 1094 1290 quod
1128 1246 1224 1289 sep-r

30 1310 150 1344 tenas
179 1301 402 1358 quadrigas
431 1301 484 1343 ad
507 1300 750 1358 Olympiam
780 1300 1012 1343 detulisset.
1074 1300 1221 1351 Quum

31 1369 147 1412 enim
175 1370 296 1413 tanta¹
324 1369 594 1411 contentione
620 1368 732 1411 inter
754 1368 864 1426 ipsas
890 1368 1081 1412 civitates
1108 1368 1222 1426 apud

32 1437 273 1496 Olympiam
293 1445 537 1490 certaretur,
554 1453 637 1480 non
659 1437 751 1480 fieri
770 1446 937 1495 poterat
950 1438 1055 1496 quin
1068 1438 1223 1495 singuli

31 1506 209 1550 victores
234 1506 468 1551 domestica
498 1507 627 1550 etiam
653 1506 790 1563 gloria
818 1507 1028 1552 florerent.
1090 1507 1224 1555 Nulla

31 1582 177 1619 autem
211 1575 381 1619 civitate
410 1591 496 1618 non
524 1576 569 1618 in
604 1575 702 1619 odia
728 1576 989 1621 interneciva
1007 1577 1222 1630 distracta,

32 1659 173 1702 neque
199 1660 413 1703 quoquam
439 1660 538 1688 cum
566 1646 720 1689 neutra
746 1652 866 1703 parte
889 1647 1128 1703 conjuncto,
1149 1647 1225 1706 qui

34 1715 451 1773 quantulamcunque
490 1730 580 1758 rem
629 1715 740 1759 bene
780 1716 989 1771 gessisset,
1030 1716 1067 1759 is
1106 1723 1226 1760 tanto

34 1783 169 1840 magis
193 1784 347 1835 timori,
368 1788 676 1842 proptereaque
702 1784 888 1836 invidiae,
909 1785 1024 1842 apud
1048 1785 1224 1828 alteram

35 1853 262 1897 factionem
280 1853 440 1897 haberi.

93 1922 257 1965 Verum
290 1921 506 1967 enimvero
535 1922 810 1978 magnificum
848 1927 948 1967 sane
977 1921 1083 1965 illud
1112 1922 1228 1979 apud

35 1997 199 2034 veteres
226 1990 493 2048 philosophos
522 1991 576 2033 de
606 1990 715 2034 ludis
745 1998 1049 2042 commentum,
1076 2005 1227 2049 quam-

37 2073 166 2116 quam
191 2074 218 2102 a
237 2059 345 2102 veris
370 2059 470 2102 vitoe
497 2059 729 2103 rationibus
755 2060 957 2114 alienum,
977 2075 1090 2118 quas,
1111 2060 1228 2118 quod

36 2127 91 2170 ad
120 2127 342 2186 plerosque
372 2136 548 2185 spectat,
575 2143 715 2186 neque
744 2128 966 2186 splendida
995 2128 1048 2171 sit
1074 2131 1227 2173 natura
