1358 2470
216 303 338 329 rerum
363 293 409 327 ab
433 292 592 327 Etruscis
615 292 769 327 Romani
794 292 949 327 mutuati
971 296 1066 327 sunt.
1115 291 1324 337 Cujusmodr

217 354 302 384 sunt
325 360 379 390 ea,
400 360 482 394 quae
508 349 554 383 ad
578 349 821 395 Haruspicum
843 349 1070 395 disciplinam
1097 349 1323 395 pertineant:
1354 387 1358 399 ἶ

215 405 444 446 ceremonias,
463 405 628 450 hariolos,
646 406 834 441 histriones
850 407 896 441 ab
918 406 1066 441 Etruria
1083 405 1236 441 derivari
1256 404 1325 450 ipsi
1352 399 1358 467 ’ἰ

216 473 358 507 quoque
377 462 532 496 Romani
546 467 734 497 testantur.
783 463 934 499 Accedit
950 475 993 499 eo
1009 463 1106 509 quod
1119 473 1236 498 sermo
1254 461 1323 495 La·
1351 468 1358 514 1

216 518 314 553 tinus
331 529 414 553 cum
431 519 680 564 antiquissima
699 519 812 555 Indiae
837 520 963 566 lingua
979 519 1017 554 in
1036 519 1164 554 multis
1180 517 1324 564 propio·
1352 525 1358 566 3

216 586 293 609 rem
309 586 419 620 quam
433 575 582 610 Graecus
597 576 729 610 habeat
738 577 1042 622 conjunctionem.
1069 576 1160 617 Quae
1176 574 1323 621 quidem
1355 572 1358 603 ἶ

214 631 414 666 similitudo
443 643 516 666 non
540 632 698 677 speciosa
722 637 877 678 tantum,
906 633 968 668 sed
995 633 1164 668 radicitus
1187 632 1323 678 linguae
1356 654 1358 657 .

214 687 323 722 insita
339 693 448 733 atque
468 688 588 723 infixa.
639 689 731 729 Quae
754 694 875 725 tamen
894 690 991 725 unde
1014 689 1082 724 nisi
1107 689 1154 724 ab
1171 689 1323 723 Etrusco
1357 733 1358 736 Ἴ

214 744 314 779 fonte
339 744 378 778 in
397 745 580 779 Romanos
601 745 876 790 profluxerunt?
922 747 993 782 Sed
1017 757 1130 792 quum
1157 743 1323 780 immensi

213 805 306 836 esset
329 802 446 847 operis
469 813 591 847 sparsa
616 802 751 848 linguae
779 803 984 850 fragmenta
1004 803 1186 850 colligere,
1210 803 1256 838 ad
1282 813 1325 837 ea
1355 810 1358 817 “

213 859 334 904 potius
358 859 546 894 veniamus
575 871 655 905 quae
689 861 846 897 historiae
875 861 1121 897 monumentis
1141 871 1324 896 commen·

214 916 301 950 data
315 920 411 950 sunt.
461 916 561 951 Licet
583 917 680 951 enim
702 917 766 952 illa
782 918 827 953 de
848 919 937 953 urbe
958 918 1145 953 condenda
1161 917 1259 952 fama
1283 916 1322 951 in

213 972 362 1007 obscuro
379 972 436 1016 sit,
448 976 571 1007 tamen
587 973 816 1018 perspicuum
827 979 891 1018 est,
907 986 990 1009 cum
1003 974 1201 1009 Luceribus
1216 974 1325 1009 tertia

213 1039 296 1073 pars
311 1028 397 1063 data
414 1028 470 1072 sit,
485 1040 575 1074 quos
591 1041 613 1063 a
631 1029 838 1065 Lucumone
853 1031 1011 1076 quodam
1030 1030 1182 1066 Etrusco
1204 1031 1323 1066 nomi-

212 1084 291 1119 nari
319 1084 510 1131 fingerent,
543 1085 653 1120 etiam
683 1086 720 1120 in
753 1086 821 1122 hac
853 1090 957 1122 tanta
989 1090 1324 1123 rerum‘'vetustate

214 1141 374 1176 Etruscis
397 1141 534 1187 aliquid
556 1142 783 1179 attributum.
832 1144 984 1178 Luceres
999 1149 1122 1179 autem
1138 1144 1177 1179 in
1200 1150 1324 1180 monte

216 1195 333 1231 Coelio
349 1195 458 1231 locari
474 1207 539 1242 per
555 1208 592 1232 se
603 1197 722 1242 ipsum
733 1198 866 1233 indicio
881 1203 946 1241 est,
961 1199 1207 1234 Lucumonem
1218 1199 1323 1235 illum

212 1251 371 1287 Coelium
387 1252 588 1287 Vivennam
607 1253 715 1288 fuisse
737 1265 845 1300 quem
869 1254 907 1288 in
928 1255 1000 1290 alia
1024 1254 1147 1290 fabula
1176 1256 1323 1291 Romuli

210 1308 348 1343 socium
374 1313 482 1355 atque
513 1309 670 1344 amicum
699 1310 844 1346 ferrent.
893 1311 1031 1346 Mirum
1059 1312 1144 1347 sane
1167 1313 1323 1348 eundem

211 1365 369 1400 Coelium
378 1365 581 1400 Vivennam
591 1378 673 1401 cum
686 1367 882 1413 Tarquinio
893 1367 1013 1413 aliquo
1023 1369 1133 1403 modo
1145 1369 1321 1415 implicari

210 1426 290 1457 tum
323 1422 475 1456 Luceres
516 1422 612 1467 ipsos
641 1423 877 1469 Tarquinium
907 1424 945 1458 in
983 1429 1147 1459 senatum
1180 1425 1320 1472 legisse.

212 1478 288 1512 Nec
313 1477 426 1524 igitur
456 1478 620 1513 absimile
650 1479 680 1514 si
707 1480 829 1514 omnia
857 1480 1093 1515 Etruscorum
1124 1482 1277 1528 vestigia
1301 1493 1323 1517 a

208 1533 412 1579 Tarquiniis
444 1533 545 1569 illata
558 1538 693 1578 {errore
719 1535 876 1581 quodam
908 1537 954 1571 ad
984 1537 1131 1572 Romuli
1159 1543 1323 1584 tempora

207 1590 434 1635 primamque
450 1591 547 1625 urbis
562 1591 739 1637 originem
753 1592 884 1638 rejecta
899 1592 982 1627 sint.

258 1647 420 1681 Priscam
443 1647 543 1682 illam
563 1647 811 1683 Romanorum
832 1649 1042 1695 religionem
1071 1661 1093 1684 a
1115 1651 1149 1686 N
1152 1652 1238 1686 uma
1257 1652 1321 1687 Sa-

209 1703 295 1738 bino
317 1708 433 1738 ortam
456 1715 542 1745 esse,
558 1715 750 1739 consensus
768 1705 930 1740 omnium
953 1711 1101 1741 aetatum
1121 1708 1206 1742 satis
1226 1708 1321 1744 clare

207 1760 377 1795 ostendit.
426 1760 517 1800 Quae
542 1760 688 1806 quidem
713 1761 830 1807 gentis
853 1762 1000 1797 societas
1024 1763 1134 1798 etiam
1159 1764 1198 1798 in
1216 1765 1321 1800 Tatio

206 1816 433 1860 adumbrata,
450 1816 540 1851 nihil
557 1817 656 1852 aliud
674 1817 820 1852 fortasse
837 1818 1013 1864 significet
1026 1830 1135 1864 quam
1151 1831 1267 1856 mores
1284 1827 1321 1856 et

206 1872 373 1907 instituta
388 1873 583 1919 agrestium
602 1874 648 1907 ab
664 1873 796 1920 agresti
813 1880 921 1920 gente
933 1875 1102 1910 derivari:
1129 1878 1320 1922 postmodo

205 1933 301 1964 artes
317 1933 354 1963 et
370 1929 554 1964 scientiam
567 1929 800 1965 Etruscorum
816 1930 854 1965 in
865 1942 998 1966 novum
1015 1932 1131 1967 adhuc
1144 1934 1318 1979 populum

206 1986 305 2020 viam
320 1985 507 2021 invenisse.
555 1986 723 2022 Traditur
738 1987 885 2032 quidem
902 1989 947 2023 A.
959 1989 1006 2023 U.
1017 1989 1059 2024 C.
1069 1992 1133 2025 571
1155 1990 1320 2026 inventos

206 2042 338 2077 Numae
355 2042 476 2086 libros,
497 2054 578 2078 cum
596 2048 775 2079 vetustate
791 2044 941 2080 obsoleti
956 2051 1085 2087 essent,
1100 2050 1137 2080 et
1152 2047 1198 2081 ab
1214 2047 1318 2082 hodi-

203 2109 290 2133 erno
306 2111 372 2134 usu
389 2098 548 2134 maxime
567 2099 811 2142 abhorrerent,
821 2100 923 2145 jussu
940 2102 1103 2147 praetoris
1122 2114 1197 2138 esse
1218 2115 1316 2139 com-
