1358 2470
261 304 484 333 'rmumrm
507 303 646 346 Pomm
666 305 777 330 APUD
801 301 1015 330 ιωΜΑΝοε.Ἰ
1195 292 1234 327 ll

42 416 265 466 Pompeius;
287 415 382 465 juga
401 414 461 452 cui
479 414 588 451 variis
606 413 773 451 ardentia
791 412 950 463 gemmis

42 485 205 523 Gaetulae
224 484 368 522 subiere
388 482 475 520 ferae
486 496 497 530 3
525 483 638 520 micat
656 494 789 534 agmen
810 488 989 519 onustum

43 556 118 592 Tot
137 566 266 604 regum
284 552 450 591 exuviis:
481 552 558 589 illic
577 559 753 602 argentea
772 551 893 602 signa,

43 625 122 662 Hic
140 623 281 674 lapides
297 624 496 672 baceaeque
515 622 660 668 nitent3
688 633 777 658 mox
798 621 930 659 Indica
947 623 1066 672 pubes

44 694 133 731 Fert
150 694 324 737 ebenum,
346 692 446 743 Syrii
464 698 612 742 gestant
630 703 696 728 sua
714 691 880 728 balsama
899 693 1006 729 servi.

45 764 142 806 Quis
159 762 290 813 procul
307 761 372 799 ille
390 769 516 799 autem
536 760 717 799 taedarum
737 760 878 798 lumine
897 761 1016 798 multo

9 864 16 871 .
47 834 118 870 Per
135 841 283 870 noctem
302 831 537 883 ingreditur?
565 845 679 869 nosco
698 832 852 869 comites
871 832 1100 882 elephantos,

47 903 321 954 Lychnigeram
340 902 495 948 seriem3
524 901 667 939 scandit
687 900 873 953 Capitolia
893 901 1034 945 Caesar,

45 971 157 1011 Sidus
176 973 231 1009 uti
249 972 370 1009 lucem
389 971 571 1019 referens;
600 971 652 1009 vis
670 972 780 1022 ignea
799 971 962 1009 flammae

49 1042 326 1092 Quadrijugfim
344 1041 476 1079 lambit
494 1041 676 1092 phaleras,
695 1041 917 1093 captivaque
936 1042 1010 1079 tela

49 1112 264 1158 Gallorum3
291 1112 405 1148 micat
423 1124 475 1148 aes
493 1111 660 1155 rutilum,
685 1111 898 1162 ferrumque
917 1113 1113 1149 coruscat9.

103 1180 228 1217 Fallor
244 1179 259 1216 f·
288 1193 336 1218 an
356 1181 534 1218 Hebraeis
553 1180 675 1231 adytis
693 1178 832 1230 araque
850 1181 1006 1218 revulsae

48 1250 145 1287 Ante
165 1250 291 1287 oculos
308 1257 501 1300 portantur
519 1263 609 1301 opes
625 1249 641 1286 P
672 1251 772 1288 Ecce
791 1262 900 1287 aurea
919 1250 1063 1301 fulgent

47 1319 144 1355 Vasa
163 1319 326 1363 Domfis,
347 1319 589 1370 Solymaeque
607 1320 722 1357 semel
741 1328 926 1372 praerepta
944 1321 1062 1357 ruinis

49 1389 90 1425 N
93 1389 328 1439 equiequam,
347 1402 451 1427 ramo
470 1390 709 1441 septemplice
727 1390 887 1441 mystica
908 1390 1080 1440 Lampas.

52 1457 184 1494 Fertur
202 1465 239 1494 et
256 1457 296 1494 in
313 1458 487 1495 manibus
505 1457 589 1495 vivii
608 1457 792 1509 descripta
810 1458 950 1496 tabella

51 1525 129 1563 Sub
148 1526 275 1577 palma
293 1528 316 1565 J
321 1527 429 1565 udaea
448 1527 579 1565 sedens
596 1540 605 1565 :
634 1540 748 1578 quam
769 1527 875 1573 forte,
895 1531 1077 1580 supremis

53 1596 214 1634 Casibus
232 1597 426 1642 insultans,
448 1597 579 1648 Syrius
597 1593 666 1636 suh
685 1598 824 1635 moenia
841 1598 960 1649 pictor

54 1665 211 1709 Fecerit,
229 1665 485 1717 addideritque
503 1666 629 1710 decus,
649 1666 751 1718 quod
770 1666 910 1704 viderat
925 1666 1014 1703 olim

54 1735 224 1772 Collibus
241 1735 282 1772 in
299 1736 428 1786 patriis
435 1747 447 1783 3
474 1743 650 1773 moestum
671 1736 808 1786 spirare
828 1735 984 1779 videtur,

54 1804 108 1840 Et
126 1816 286 1854 gemere,
306 1811 342 1841 et
361 1804 484 1842 tristes
503 1803 617 1855 Virgo
638 1804 833 1843 demittere
854 1805 989 1842 vultus.

56 1873 188 1924 Longe
206 1874 278 1911 alio
297 1874 474 1911 incedunt
493 1881 612 1925 gestu,
632 1887 727 1926 quos
743 1874 859 1912 victor
877 1873 1062 1925 adurgens

57 1942 272 1992 Insequitur
289 1942 455 1993 propius,
474 1943 692 1993 spumisque
710 1943 900 1980 humectat
918 1955 1113 1993 equorum,

59 2011 226 2050 Flavius:
260 2012 405 2050 affiictae
423 2025 500 2050 non
518 2012 602 2050 illos
621 2011 750 2049 funera
767 2012 900 2062 gentis,

59 2081 150 2118 Non
170 2088 287 2132 captae
306 2081 481 2119 domuere
501 2094 615 2126 arceS,
634 2094 781 2132 araeque
798 2090 996 2132 parentum

100 2191 114 2213 ⁹
138 2191 336 2223 “Ascendit
365 2191 561 2234 Capitolium
591 2192 629 2223 ad
659 2193 795 2234 lumina,
822 2192 1038 2234 quadraginta
1066 2192 1257 2234 elephantis,

60 2246 176 2278 dextra
206 2251 301 2288 atque
326 2246 454 2279 sinistre⁴
479 2247 676 2287 lychnuchos
699 2246 934 2288 gestantibus.”
980 2247 1104 2279 Sueten.
1132 2248 1164 2279 in
1196 2247 1259 2279 Vir.

61 2300 156 2332 Julii.
