1422 2476
648 140 670 171 5

141 217 215 254 Sed
230 216 374 265 quando
391 217 485 253 viam
501 216 686 253 classicam
704 214 879 251 Simmerii
894 213 1073 255 intratum,

142 276 186 311 In
203 275 299 322 vulgi
314 276 454 311 turbam
470 276 641 317 incidunt,
657 286 764 322 quam
780 272 881 309 torve
896 270 1154 320 praeparatam!

143 334 250 370 Plebs
266 339 352 370 tunc
368 346 490 370 eorum
508 334 630 371 oculos
647 331 792 370 confuse
809 329 1040 378 sugillare—‘

149 392 197 428 Et
213 404 303 428 unus
321 392 568 429 semimortuus
584 392 708 438 lugere
725 402 764 427 se
782 389 921 426 amare!

141 624 194 660 Ut
209 624 364 659 ululatus
380 624 471 659 illius
489 623 648 660 dolorem
664 623 863 665 ediderunt,

145 682 319 718 Benevoli
335 682 372 717 in
389 682 562 717 stantibus
578 681 717 718 coronis
734 681 922 717 audierunt
936 694 944 715 ε

145 740 191 775 Et
209 745 338 775 sortem
356 739 534 775 infelicem
551 740 770 780 miserantes,
788 738 995 784 demiurgici
1006 737 1041 773 'l

143 799 250 833 Hunc
267 797 447 834 deduxere
465 797 584 833 callidi
600 802 765 843 egentem
777 798 851 842 Jam
869 796 1070 842 chirurgici.

145 971 200 1006 En
215 971 223 1007 l
242 976 362 1006 torvus
380 971 591 1018 Eseulapius
608 970 817 1019 profundum
836 974 943 1017 caput
958 973 1109 1005 nutat-

144 1029 192 1064 Et
209 1033 230 1049 “
244 1029 302 1065 hic
319 1029 503 1065 tremende
519 1030 622 1065 laesus
640 1030 718 1064 est”
734 1028 803 1064 hoc
820 1029 937 1064 omine
954 1027 1084 1063 salutat
1101 1041 1109 1061 :

138 1092 159 1106 “
173 1087 265 1122 Mihi
281 1087 420 1122 confide
433 1086 685 1134 !”—quantulo
702 1099 758 1122 res
774 1086 956 1122 hominum
974 1083 1175 1120 vertantur!

141 1150 165 1166 ‘⁶
180 1146 397 1182 Lanternam
414 1146 561 1182 fractam
578 1146 676 1187 socii,
691 1157 763 1181 non
780 1145 895 1181 lucem
912 1144 1006 1186 huic,
1024 1141 1248 1191 querantur.”

140 1437 318 1471 Instanter
334 1436 460 1471 herbas
479 1436 634 1471 medicas
651 1435 784 1470 remisit
802 1434 1012 1481 Esculapius
1030 1449 1039 1475 ς

142 1499 161 1514 “
176 1496 282 1529 Hanc
297 1494 468 1529 lotionem
486 1494 652 1541 applices,
670 1498 707 1528 et
723 1492 860 1528 huncce
879 1493 1042 1527 haustum
1058 1491 1217 1539 capias‚’'

140 1554 189 1588 At
205 1552 296 1588 servi
313 1552 436 1588 fraude
454 1552 583 1594 stolidi,
599 1552 659 1599 qui
677 1563 816 1598 semper
832 1551 987 1586 ebriatus
1005 1555 1071 1592 est,

145 1610 329 1646 Exhausta
345 1611 464 1646 statim
481 1611 579 1653 lotio,
596 1616 634 1646 et
650 1610 797 1646 haustus
815 1609 1011 1657 applicatus
1029 1613 1094 1644 est.

142 1727 267 1763 Eheu!
295 1727 452 1773 magistri
470 1726 674 1762 stomachus
696 1726 878 1761 mordetur
892 1725 1077 1766 veneficio,

142 1785 189 1820 Et
203 1797 295 1820 mors
310 1785 618 1831 minatur—atque
635 1784 680 1819 de
698 1784 829 1819 corona
845 1782 1038 1829 inquisitio,

139 1849 159 1863 “
175 1844 256 1880 Cito
272 1848 412 1891 portate
430 1843 662 1879 antliam—et.
678 1842 780 1878 citius
798 1841 979 1877 exantlate
998 1852 1066 1883 me,

142 1906 162 1921 ‘⁶
175 1902 256 1937 Jam
274 1906 390 1937 aetum
408 1906 548 1937 est—et
565 1901 747 1942 suicidam‚
764 1901 862 1942 socii,
880 1905 1040 1947 spectate
1058 1899 1157 1935 me!''

45 2088 58 2107 ²
82 2086 279 2128 Demiurgus
293 2087 358 2126 hic,
375 2091 412 2118 ut
427 2086 515 2118 docti
544 2086 669 2127 prolixe
686 2086 858 2125 disserunt,
875 2085 1122 2117 Platonicorum
1144 2095 1279 2125 numen,
1293 2087 1335 2118 ab

2 2141 42 2174 iis
56 2141 174 2174 amoris
189 2141 261 2183 puri
277 2140 392 2183 (quem
409 2151 468 2173 nos
483 2140 580 2172 hodie
592 2138 818 2182 Platonicum)
832 2144 865 2172 et
880 2139 1116 2172 benevolentiae
1130 2140 1223 2172 Deus
1237 2140 1334 2172 habe-

2 2195 106 2227 batur.
