1358 2470
223 327 303 350 rum
328 325 410 349 cum
438 314 597 349 Etruscis
622 314 830 357 certamina,
858 312 1009 348 discerni
1035 312 1170 358 nequit.
1196 312 1334 358 Regem

224 372 418 407 Etruscum
444 371 570 406 urbem
598 373 800 415 occupasse,
829 381 898 416 ope
926 368 1159 415 patriciorum
1191 368 1334 413 plebem

222 428 448 474 oppressisse,
466 427 535 463 late
554 432 591 462 et
614 427 650 461 in
677 427 845 462 Etruscos
868 430 905 461 et
923 426 960 460 in
979 425 1124 460 Latinos
1140 424 1332 470 imperium

221 485 424 531 protulisse,
441 485 499 519 vel
515 496 560 519 ex
580 484 623 519 iis
647 495 723 530 quae
743 487 934 529 supersunt
955 481 1198 517 monumentis
1221 481 1334 526 probe

221 541 463 588 colligendum
483 545 557 585 est3
589 541 686 575 hunc
705 551 786 575 cum
808 550 996 586 procerum
1013 539 1147 584 pariter
1161 549 1203 573 ac
1220 537 1335 583 plebis

216 599 302 644 jura
325 597 522 639 invasisset,
546 601 726 643 postremo
745 597 790 631 ab
810 596 969 642 utrisque
993 594 1208 640 expulsum:
1246 605 1334 628 mox

221 665 366 690 omnem
384 653 660 699 Tarquiniorum
673 653 822 687 domum
840 653 1035 699 relegatam
1053 652 1098 686 ad
1114 652 1281 686 Etruscos
1297 654 1336 685 et

222 711 368 746 Latinos
395 710 607 756 confugisse.
658 710 844 744 Porsenna
863 720 948 744 vero
973 709 1061 755 ipse,
1085 719 1192 754 quem
1219 718 1333 742 anna-

220 768 309 802 lium
339 767 529 812 scriptores
557 766 715 801 amicitia
735 765 904 812 junctum
930 765 1062 809 ferunt,
1084 769 1174 799 teste
1194 763 1330 807 Tacito,

221 825 347 859 urbem
362 823 598 870 oppugnavit.
650 823 747 857 Hinc
763 825 889 857 revera
906 833 983 856 mos
1001 822 1073 866 ille,
1093 821 1155 866 qui
1171 821 1216 855 ad
1234 820 1332 855 Livi-

221 892 328 915 anam
354 892 466 925 usque
497 885 642 914 aetatem
675 880 857 924 manebat,
888 879 981 913 bona
1014 878 1208 913 Porsennae
1240 876 1334 924 regis

221 937 419 972 vendendi:
455 937 538 971 hinc
561 937 690 971 solium
709 948 731 971 a
748 936 922 970 Romanis
940 936 1090 970 Etrusco
1112 946 1212 969 more
1231 934 1332 969 obla-

222 999 312 1035 tum,
340 994 423 1028 hinc
451 994 612 1028 tribuum
645 1005 815 1027 numerus
849 993 895 1027 ad
922 992 1053 1039 viginti
1081 992 1223 1033 recisus,
1248 1001 1332 1026 cum

220 1051 363 1085 tertiam
383 1050 459 1096 agri
479 1054 619 1095 partem
639 1050 795 1084 Romani
818 1050 1012 1084 Porsennae
1038 1048 1233 1083 cessissent.
1285 1047 1333 1082 Et

219 1107 366 1152 quidem
382 1106 499 1142 foedus
514 1118 597 1141 cum
613 1106 970 1153 Carthaginiensibus
985 1106 1110 1148 ictum,
1127 1117 1198 1140 non
1215 1105 1332 1140 solum

219 1165 424 1199 universam
452 1164 545 1198 Latii
565 1175 665 1198 oram
696 1163 878 1198 Romanos
904 1166 1108 1209 occupasse,
1134 1162 1333 1203 confirmat,

221 1233 347 1256 verum
370 1221 481 1255 etiam
506 1221 691 1255 maritimo
718 1221 870 1266 imperio
891 1220 1024 1265 potitos
1049 1230 1134 1254 esse.
1185 1218 1332 1252 Nihilne

220 1278 332 1324 igitur
354 1277 525 1312 Muciana
555 1277 690 1323 profuit
714 1277 839 1320 virtus,
867 1276 956 1310 nihil
979 1276 1203 1310 Valeriorum
1229 1274 1331 1309 forti-

220 1335 318 1378 tudo,
346 1334 538 1379 quominus
559 1334 701 1368 macula
726 1334 892 1379 quaedam
920 1333 1167 1367 Romanorum
1194 1331 1332 1366 nomini

219 1391 477 1434 inhaeresceret,
501 1391 546 1425 ab
570 1390 820 1425 historicorum
842 1390 975 1424 scilicet
994 1389 1118 1423 fraude
1139 1389 1333 1434 diligenter

220 1448 457 1483 occultanda?
507 1446 707 1481 Verisimile
748 1451 803 1481 est
839 1451 921 1492 post
952 1446 1135 1481 Aricinam
1178 1446 1330 1490 cladem,

222 1505 455 1538 Etruscorum
474 1504 546 1538 vim
567 1504 657 1538 adeo
677 1503 825 1538 fractam
848 1508 885 1538 et
906 1503 1129 1537 debilitatam
1154 1502 1273 1544 fuisse,
1290 1507 1332 1537 ut

220 1560 375 1595 Romani
391 1560 458 1595 hoc
473 1561 591 1606 ipsum
609 1564 751 1606 tempus
767 1561 812 1595 ad
831 1561 1063 1595 Etruscorum
1074 1562 1205 1606 jugum
1223 1571 1332 1594 excu-

221 1615 383 1648 tiendum
395 1615 605 1660 arriperent,
642 1615 664 1649 J
669 1626 727 1648 am
744 1619 825 1660 post
841 1614 1020 1650 Cremerae
1039 1615 1232 1658 excidium,
1248 1626 1330 1660 per-

220 1671 338 1716 petuis
358 1670 430 1705 fere
450 1671 737 1706 contentionibus
760 1671 915 1706 Romani
936 1683 1019 1706 cum
1036 1672 1245 1706 Veientibus
1266 1683 1330 1706 ex-

219 1728 454 1762 ercebantur:
482 1727 518 1762 in
535 1727 665 1772 quibus
682 1727 784 1763 facile
802 1729 881 1762 visu
897 1732 963 1770 est,
975 1728 1143 1762 Veientes
1159 1739 1180 1762 a
1192 1728 1330 1773 reliqua

219 1789 326 1829 gente
344 1785 499 1830 separari
514 1796 523 1819 ε
559 1795 624 1819 nec
645 1784 712 1819 nisi
730 1790 865 1830 postea,
883 1785 997 1830 captis
1014 1785 1122 1827 Veiis,
1139 1785 1329 1819 duodecim

218 1841 370 1886 populos
394 1841 430 1875 in
456 1842 637 1886 Romanos
661 1841 874 1887 conjurasse.
920 1842 1054 1876 Verum
1078 1842 1115 1876 in
1138 1843 1215 1887 ipso
1241 1842 1330 1877 Gal-

218 1897 334 1932 lorum
356 1898 495 1932 excidio
521 1898 678 1943 antiquae
698 1899 908 1933 memoriam
928 1899 1188 1944 conjunctionis
1211 1912 1232 1934 a
1258 1901 1330 1935 Ro-

219 1954 334 1988 manis
351 1959 387 1989 et
405 1954 562 1990 Etruscis
579 1955 723 1998 servari,
742 1967 788 1990 ex
805 1966 847 1990 eo
863 1955 1054 2001 colligitur,
1073 1957 1168 2001 quod
1186 1957 1328 1992 Caeriti-

219 2011 296 2052 bus,
313 2015 354 2045 ut
370 2016 522 2057 cognato
542 2011 687 2057 populo,
705 2012 866 2047 Deorum
883 2024 981 2047 sacra
996 2012 1176 2058 librosque
1193 2014 1328 2049 rituum

219 2067 255 2100 in
273 2067 471 2102 custodiam
491 2068 715 2104 tradiderint.

267 2124 337 2158 Sed
367 2136 447 2158 cum
476 2125 672 2160 maximam
702 2125 896 2171 relligionis
928 2131 1066 2172 partem
1094 2129 1139 2162 ab
1171 2129 1330 2165 Etruscis
