1358 2470
229 295 268 326 et
288 291 498 326 sacerdotali
521 302 670 327 munere
693 291 833 328 functos
853 297 890 327 et
913 292 1000 327 belli
1019 292 1128 328 duces
1147 294 1336 331 exstitisse.

230 347 430 383 Verisimile
446 351 511 392 est,
530 359 612 383 eum
630 348 813 394 popularis
829 348 971 384 concilii
987 360 1032 384 ne
1049 350 1184 385 mentio
1195 351 1343 396 quidem

228 408 402 447 occurrat,
424 415 586 449 proceres
607 416 628 440 a
655 405 780 440 ceteris
805 405 990 440 ordinibus
1016 407 1160 452 penitus
1181 407 1343 442 exclusos

228 464 267 505 et
296 464 477 506 separatos
511 460 630 496 fuisse.
697 462 751 496 Ea
782 463 928 508 quidem
967 463 1133 498 ordinum
1165 464 1342 509 separatio

227 516 385 550 maxime
407 517 500 552 vires
519 517 753 553 Etruscorum
776 518 951 564 disjunxit
967 519 1088 566 atque}
1098 519 1340 564 labefactavit,

226 583 309 607 cum
329 573 473 618 plebem
491 574 630 608 nullam
651 575 825 610 Romanoe
848 575 1001 610 similem
1024 575 1119 621 plebi
1139 575 1342 621 respublica

226 628 387 664 haberet.
438 630 520 670 Quo
543 630 640 665 enirn
665 632 760 666 nova
786 631 922 666 civium
947 632 1216 678 municipumve
1242 632 1338 666 mul·

225 685 381 720 titudine
403 685 582 728 affluente,
602 687 845 722 Romanorum
869 687 996 722 civitas
1020 688 1128 723 latius
1149 688 1280 734 patuit,
1296 699 1338 723 eo

224 742 422 788 angustius,
450 743 687 787 decrescente,
711 748 753 779 ut
784 745 886 786 solet,
910 744 1141 790 optimatium
1174 756 1338 786 numero,

226 798 459 833 Etruscorum
477 799 673 846 oligarchia
688 801 837 835 definita
852 805 916 836 est.
966 801 1094 846 Itaque
1115 801 1153 836 in
1175 807 1338 836 extremo

223 854 286 890 illo
314 866 397 890 cum
424 855 598 891 Romanis
627 857 833 899 certamine,
861 857 955 892 vires
981 857 1098 903 gentis
1125 857 1334 893 exhaustae:

222 923 308 946 mox
338 923 411 946 uno
439 912 598 947 alterove
625 913 751 958 proelio
777 913 997 948 debellatum
1024 918 1090 949 est.
1142 914 1242 948 Nihil
1271 914 1335 949 illa

221 968 339 1003 feralis
355 969 572 1014 superstitio,
591 970 682 1004 nihil
701 970 928 1004 servitiorum
942 969 1096 1005 imbellis
1120 970 1334 1014 multitudo,

221 1025 311 1059 nihil
332 1025 490 1060 universi
510 1026 635 1071 populi
652 1038 734 1061 cum
752 1026 974 1061 Samnitibus
996 1026 1195 1072 conjuratio
1211 1031 1335 1062 contra

222 1081 382 1127 integras
398 1081 509 1116 hostis
525 1082 618 1116 vires
633 1086 670 1117 et
684 1083 889 1117 libertatem
906 1087 1149 1117 renascentem
1164 1083 1320 1119 valebat.

268 1137 416 1172 Etenim
437 1139 587 1173 societas
605 1138 686 1183 ista,
704 1151 784 1184 quae
800 1139 990 1173 duodecim
1013 1139 1106 1174 inter
1128 1151 1165 1174 se
1183 1139 1335 1185 populos

220 1205 286 1240 per
316 1198 371 1228 tot
397 1194 528 1229 saecula
559 1195 752 1242 colligavit,
785 1196 901 1241 specie
932 1196 1048 1242 magis
1079 1206 1188 1241 quam
1218 1196 1336 1243 reipsa

221 1250 357 1285 stabilis
384 1251 624 1286 existimanda
648 1256 713 1286 est.
761 1252 852 1292 Quae
877 1252 1023 1297 quidem
1052 1252 1225 1297 ejusmodi
1251 1252 1332 1295 fuit,

220 1318 301 1352 quae
327 1307 424 1352 apud
443 1307 590 1342 Graecos
608 1308 840 1352 Ἀμφικτιονία
858 1308 1000 1352 dicitur,
1022 1319 1095 1343 non
1117 1309 1161 1343 ad
1187 1314 1333 1355 gentem

223 1363 526 1398 commiscendum
546 1369 642 1408 nata,
666 1376 791 1400 verum
815 1365 860 1399 ad
885 1365 1080 1400 domestica
1098 1365 1192 1399 bella
1210 1366 1331 1411 prohi-

221 1420 341 1454 benda
363 1424 400 1454 et
420 1419 626 1455 inimicitias
649 1420 852 1466 placandas.
903 1421 995 1461 Quae
1022 1421 1117 1455 enim
1136 1421 1330 1457 discordia-

219 1488 302 1512 rum
325 1476 407 1511 finis
424 1481 526 1520 esset,
546 1477 574 1510 si
594 1477 631 1510 in
654 1477 734 1511 rudi
753 1476 930 1522 ferocique
949 1488 1028 1512 oevo
1044 1477 1172 1511 vicinae
1192 1483 1329 1524 gentes,

225 1533 495 1579 populabundoe
512 1533 627 1579 magis
636 1544 746 1579 quam
751 1533 841 1579 justi
857 1545 955 1568 more
971 1533 1069 1577 belli,
1085 1534 1228 1568 aeternis
1238 1534 1333 1569 inter

220 1601 258 1624 se
292 1589 534 1623 simultatibus
568 1592 769 1624 certarent?
818 1589 979 1636 Singulae
1013 1590 1124 1636 igitur
1157 1590 1332 1633 civitates,

219 1657 302 1681 cum
327 1657 383 1680 res
410 1645 509 1680 domi
534 1645 690 1691 forisque
712 1645 1017 1686 administrarent,
1035 1646 1130 1680 bella
1149 1652 1324 1693 gererent,

220 1701 453 1748 magistratus
481 1706 654 1746 crearent,
684 1713 871 1748 nunquam
902 1706 1024 1736 tamen
1049 1702 1148 1737 civili
1175 1703 1269 1738 inter
1293 1716 1330 1739 se

218 1758 303 1793 odio
342 1762 564 1792 exarserunt.
606 1758 698 1798 Quae
733 1769 817 1793 sane
858 1758 1074 1804 populorum
1110 1760 1323 1805 conjuratio,

219 1815 304 1850 licet
328 1825 514 1859 nunquam
542 1814 726 1858 dissoluta,
754 1826 915 1860 persaepe
934 1819 1065 1849 *tamen
1090 1823 1258 1861 quassata
1289 1822 1326 1852 et

217 1871 411 1906 immutata
432 1870 520 1905 fuit:
547 1875 685 1905 veteres
707 1870 868 1906 civitates
893 1871 1065 1917 expulsae,
1085 1883 1260 1919 novaeque
1288 1873 1325 1908 in

219 1927 335 1962 foedus
366 1931 542 1972 receptoe:
575 1927 705 1973 quibus
731 1928 776 1962 ad
801 1927 1007 1963 Voltumnae
1040 1928 1163 1963 fanum
1196 1940 1328 1965 conve-

218 1983 401 2019 nientibus
418 1995 438 2018 e
457 1983 726 2019 Lucumonibus
745 1989 898 2026 creatus,
914 1995 1021 2030 quem
1039 1984 1180 2020 lictores
1196 1986 1328 2032 singuli

218 2051 291 2074 suae
312 2040 461 2086 quisque
485 2040 651 2085 civitatis,
675 2039 914 2076 communiter
934 2040 970 2075 in
995 2041 1176 2076 universos
1196 2042 1327 2087 praedi-

220 2100 341 2131 carent
358 2107 492 2142 regem.
