1358 2470
93 302 116 336 4
315 309 535 336 riuum’m
557 309 695 335 roxum
713 308 821 336 nun
844 309 1051 335 noumos.

100 416 267 454 Fundere
288 417 371 454 Diis
389 428 525 467 pugnae
544 416 763 466 auspicibus,
782 413 957 467 Patrique
977 415 1144 458 Quirino.

148 484 305 534 Aspicis,
325 492 365 521 ut
382 496 544 535 praeceps
562 483 745 520 salebroso
765 484 908 521 tramite
928 483 1030 520 callis

101 552 171 590 Per
184 553 274 602 juga
293 552 452 589 formosa
470 550 540 589 late
561 551 720 602 collapsa
737 553 843 588 ruina

100 622 327 670 Ambiguum
345 621 511 658 demittat
529 622 596 658 iter
612 620 627 657 ?
658 621 831 658 Solennia
847 632 993 670 pompae

103 689 196 726 Inde
216 689 302 725 olim
322 690 450 738 spatia,
469 696 506 725 et
523 688 649 725 multis
667 688 841 725 bacchata
859 685 1053 736 triumphis

103 757 224 794 Strata
241 757 331 793 viae:
361 757 478 806 gravis
496 757 566 794 hat:
586 756 744 800 Marius,
763 762 990 804 contemptor
1007 762 1044 791 et
1061 753 1139 791 auri

104 825 303 869 Fabricius,
323 825 535 874 Cossusque
556 823 668 867 ferox,
686 823 875 874 niveisque
896 822 1077 860 Camillus

104 894 188 930 Ibat
205 894 330 942 equis;
357 905 498 929 necnon
520 890 679 928 Caenina
699 893 810 927 victor
828 891 873 927 ab
892 891 982 927 urbe

102 961 295 1004 Romulus,
314 962 352 997 in
370 973 500 997 nemus
518 968 555 996 et
573 959 744 996 frondosa
761 958 950 995 cacumina
969 957 1105 994 montis

104 1027 286 1066 Laureola
303 1028 457 1077 insignis
476 1027 591 1063 socios
611 1026 763 1063 deduxit
780 1033 940 1068 ovantes,

102 1097 286 1146 Armaque
305 1097 343 1132 in
362 1096 501 1132 annosa
519 1095 709 1145 suspendit
726 1094 827 1144 regia
845 1105 994 1144 quercu.

159 1164 303 1213 Saepius
320 1163 380 1200 hic
400 1163 481 1200 festi
499 1170 582 1213 post
600 1176 696 1200 saeva
713 1162 874 1214 pericula
891 1161 985 1198 cives

105 1231 271 1268 collecto
291 1230 469 1268 fremuere
488 1232 598 1268 choro
615 1231 795 1280 turbaque
814 1228 1006 1279 frequenti,

106 1297 209 1334 Dum
227 1298 354 1347 procul
372 1298 536 1336 hinnitus
554 1298 685 1342 audiri,
702 1298 850 1347 visaque
867 1296 995 1346 primis

105 1365 264 1402 Densari
281 1366 339 1403 via
359 1366 470 1403 Sacra
486 1367 587 1410 rotis,
605 1367 678 1403 sive
696 1366 771 1402 ima
791 1363 907 1402 Palati

106 1433 204 1470 Saxa
221 1433 348 1482 legens
368 1446 518 1471 curvum
531 1434 610 1482 jam
628 1445 707 1470 sese
724 1431 930 1470 ostenderet
947 1442 1091 1480 agmen.

105 1501 201 1538 Mox
220 1502 368 1551 propior
384 1502 463 1538 visu
481 1502 628 1552 latoque
647 1501 794 1539 effusior
809 1500 885 1537 ibat

107 1569 246 1619 Pompa
266 1568 360 1606 Foro
371 1581 382 1615 ;
404 1569 556 1618 jamque
575 1576 658 1605 ante
677 1568 802 1604 oculos
819 1565 1009 1617 splendere
1027 1572 1190 1601 recentes

105 1637 279 1681 Exuvias,
298 1644 334 1673 et
351 1643 457 1686 capta
475 1636 602 1673 Deum
622 1635 840 1672 simulachra
859 1634 1041 1675 videbant,

105 1706 228 1756 Atque
246 1711 430 1742 catenatos
449 1705 533 1742 duci
550 1705 661 1754 longo
679 1704 805 1741 ordine
826 1703 957 1752 Reges.

107 1774 220 1811 Nunc
233 1773 331 1821 jacet
348 1773 516 1811 informis
533 1772 619 1817 late,
638 1772 894 1821 tumulosaque
912 1770 1010 1820 putri

107 1842 221 1878 Terra
237 1840 367 1884 herba,
388 1842 648 1892 Super-umque
667 1841 795 1878 domos
812 1839 1023 1889 privataque
1041 1836 1165 1873 condit

108 1911 233 1947 Atria:
260 1910 321 1946 vix
340 1923 444 1947 arcus
462 1910 572 1947 veteri
591 1909 658 1946 sub
677 1920 767 1958 rupe
786 1913 967 1957 superstes

110 1979 233 2015 Prima
249 1979 318 2015 viae
337 1979 470 2028 signat,
490 1978 604 2015 fracto
625 1977 685 2013 vix
704 1975 848 2013 tramite
866 1986 996 2011 noscas

107 2044 195 2088 Quia
215 2058 292 2083 sese
311 2046 470 2096 oppositi
487 2045 624 2082 circum
643 2044 755 2080 latera
772 2041 886 2079 ardua
904 2041 987 2078 clivi

110 2113 284 2158 Flexerit‚
303 2122 340 2150 et
358 2125 485 2150 curvos
503 2112 679 2162 inceperit
696 2111 813 2147 orbita
831 2121 968 2146 cursus.

161 2180 277 2219 Gesta
296 2190 418 2219 tamen
435 2193 577 2232 regum,
595 2180 754 2230 antiquis
771 2179 822 2216 ibi
839 2179 937 2215 clara
952 2177 1110 2227 tropaeis‚

108 2251 331 2299 Tergemino
350 2258 494 2288 servant
510 2248 710 2300 pendentes
729 2246 864 2284 fornice
884 2246 1011 2290 flores;
