1358 2470
305 260 529 287 'rmnMPHI
551 261 691 287 Pompa
710 262 820 289 APUD
843 261 1052 289 nouum&
1254 253 1277 287 7

80 370 260 420 Lugentis
281 370 426 406 vehitur
444 378 575 416 ten-ae3
603 370 786 408 mirantur
803 371 934 408 ahenis

80 438 243 476 Castella
260 439 300 475 in
319 438 485 482 tumulis,
505 437 633 476 fictum
651 439 835 476 mirantur
852 439 1075 490 Olympum,

83 507 365 558 Pendentesque
382 519 472 544 auro
491 507 628 557 sylvas,
646 517 685 545 et
701 509 840 546 moenia
862 508 1017 559 Pydnae.

81 577 181 614 Tum
200 583 362 627 strepere
379 577 608 614 horrendum
626 578 723 622 litui,
741 578 968 629 clangorque
987 578 1161 615 tubarum

79 646 224 689 Audiri,
241 645 343 683 velut
361 646 574 696 oppositum
596 647 789 685 Romanus
807 647 846 684 in
865 647 1012 684 hostem

83 715 211 758 Quum
229 715 316 759 ruit,
334 715 580 766 ardentesque
598 716 806 753 accendunt
823 715 975 753 classica
992 728 1150 766 pugnas.

86 785 181 822 Inde
199 785 266 829 tui,
286 784 491 829 Clitumne,
509 798 651 836 greges,
671 784 779 836 queis
796 783 916 822 infula
935 784 1093 822 frontem

82 854 235 904 Alligat‚
253 862 291 891 et
309 855 412 891 tenui
426 853 656 892 circumdant
675 863 842 904 tempora
859 855 962 892 vittae

84 923 300 974 Compede3
327 924 527 961 candentes
545 925 719 962 humeros
737 933 940 976 aurataque
958 924 1095 962 circum

87 993 239 1030 Cornua
255 993 431 1044 purpurei
449 1001 604 1031 nectunt
620 994 822 1032 retinacula
838 994 958 1032 flores.

87 1064 126 1100 N
129 1076 170 1100 ec
188 1064 316 1115 procul
339 1064 536 1102 Haemonii
554 1077 694 1109 currus,
713 1072 751 1102 et
767 1065 870 1116 regia
887 1066 1009 1116 gentis

86 1134 202 1171 Arma
219 1135 370 1179 micant,
389 1133 588 1185 fratrisque
606 1135 696 1172 olim
715 1135 887 1172 diadema
903 1142 1072 1185 paratum

90 1203 292 1253 Sanguine.
348 1202 610 1254 ¹Subsequitur
624 1204 746 1254 proles
764 1205 910 1254 captiva
927 1205 1075 1255 tyrmmi

87 1274 110 1311 J
115 1287 175 1312 am
193 1281 320 1311 tenero
338 1273 549 1311 miseranda
567 1287 670 1321 aevo3
699 1284 822 1312 tamen
842 1275 959 1312 inscia
976 1275 1085 1311 sortis

92 1344 180 1393 Ipsa
197 1356 289 1387 suae,
307 1355 483 1394 pompam
502 1344 641 1381 mirans
660 1344 910 1394 circumspicit
928 1356 1092 1387 omnem,

94 1413 338 1464 Insuetasque
356 1413 550 1451 hominum
572 1412 695 1457 facies,
714 1421 751 1451 et
768 1426 843 1450 non
863 1426 930 1450 sua
948 1421 1058 1458 tecta,

93 1483 131 1520 N
135 1496 176 1519 ec
194 1483 368 1533 dignatur
385 1482 506 1519 adhuc
525 1482 656 1519 flentes
673 1482 800 1520 audire
819 1483 1029 1533 magistros,

94 1553 176 1589 Nec
195 1553 306 1590 vitam
324 1559 462 1603 petere,
480 1559 516 1588 et
534 1551 700 1602 duplices
718 1552 918 1589 extendere
935 1553 1091 1603 palmas.

95 1621 190 1664 Quis
210 1628 332 1658 tamen
352 1621 427 1665 ille,
445 1633 595 1671 gregem
616 1621 682 1671 qui
701 1619 754 1658 sic
769 1621 966 1658 comitatur
984 1629 1134 1658 euntem

93 1689 296 1734 Attonitus,
316 1698 494 1741 tanquam
515 1690 634 1726 ventis
652 1689 797 1727 afflatus
815 1697 852 1727 et
869 1691 949 1740 igni

97 1759 292 1796 Fulmineo
309 1758 325 1795 Ρ
354 1759 406 1795 sic
418 1743 489 1795 ‘ora
506 1767 648 1803 vacant,
666 1759 718 1796 sic
736 1759 905 1797 membra
921 1768 1117 1797 moventur

97 1828 237 1878 Sponte
255 1827 337 1871 sua,
356 1826 497 1878 fixique
515 1828 637 1877 rigent
654 1828 693 1864 in
713 1827 861 1864 sedibus
880 1830 997 1866 orbes.

98 1897 188 1934 Non
208 1898 299 1934 ebur
316 1897 513 1940 intextum,
533 1896 632 1934 clara
650 1909 725 1934 non
742 1910 907 1948 purpura
925 1906 1023 1935 veste

143 2026 153 2047 ¹
176 2025 199 2044 “
218 2027 266 2058 At
291 2036 312 2057 a
336 2026 420 2057 little
445 2026 590 2057 distance
614 2025 764 2058 Perseus’
787 2026 933 2058 children
965 2037 1047 2059 were
1074 2027 1127 2059 led
1153 2029 1293 2070 captive,

98 2080 250 2112 attended
258 2080 301 2121 by
318 2091 338 2111 a
352 2084 446 2122 great
460 2081 593 2112 number
607 2081 642 2112 of
653 2090 838 2122 gova-nors,
855 2084 1002 2123 masters,
1019 2082 1082 2113 and
1097 2086 1295 2125 preceptore,

99 2133 142 2165 all
158 2134 191 2165 in
205 2137 303 2175 tears,
318 2133 390 2165 who
404 2133 568 2165 stretched
587 2138 643 2165 out
662 2135 745 2166 their
758 2135 862 2166 hands
883 2135 925 2176 by
941 2145 1013 2176 way
1027 2136 1062 2166 of
1080 2136 1293 2178 supplication

99 2192 132 2219 to
159 2188 214 2219 the
241 2191 434 2230 spectators,
459 2188 523 2219 and
552 2188 669 2228 taught
698 2189 752 2220 the
783 2188 927 2220 children
957 2194 990 2221 to
1019 2189 1058 2220 do
1085 2190 1141 2221 the
1171 2191 1296 2222 same-’⁷

102 2242 267 2273 Plutarch.
283 2242 316 2273 in
336 2242 399 2274 Vit.
412 2241 551 2273 ·AEmilii.
