1422 2476
796 201 844 240 12

228 334 477 388 Heroumque
496 335 643 374 animos
661 340 699 374 et
716 335 849 374 molles
867 335 968 374 dicit
979 348 1135 374 amores.

227 420 379 460 Emicat
399 420 560 459 exultim
578 421 745 471 pulchris
762 433 869 458 mens
886 419 1016 458 vivida
1029 420 1175 470 coeptis,

229 504 281 543 Et
293 508 473 557 vegetum
491 504 651 555 inspirat
670 517 755 555 spes
773 504 995 542 intemerata
1015 503 1197 555 vigorem.

281 671 416 711 Florea
431 686 509 711 non
527 672 637 711 aliter
650 673 784 724 primae
800 671 871 711 sub
885 672 1019 711 limina
1035 672 1126 711 vitae

228 757 395 797 Venturi
413 757 569 796 laetatur
586 757 709 796 adhuc
727 757 822 796 bene
838 758 985 796 nescius
999 757 1135 796 infans.

228 842 307 882 Olli
325 855 474 893 semper
487 846 608 894 agunt
627 842 750 892 rapidi
769 855 868 880 nova
885 842 1026 894 gaudia
1042 842 1150 890 soles,

227 928 384 978 Semper
399 931 499 966 terra
516 926 626 974 viret,
645 940 794 977 semper
810 927 908 965 nitet
926 940 1062 965 aureus
1080 927 1212 966 aether.

228 1010 406 1050 Necdum
426 1011 525 1049 oculi
543 1011 748 1062 lachrymis
766 1011 975 1063 caligavere
989 1011 1166 1059 nitentes,

226 1096 312 1134 Aut
328 1095 441 1134 rebus
459 1095 633 1133 tenebras
650 1094 788 1134 offudit
806 1095 934 1134 durior
951 1101 1060 1135 aetas.

291 1267 380 1318 Ipse
395 1267 498 1305 viam
517 1267 722 1319 invigilans
737 1267 916 1318 praesenti
934 1268 1089 1307 numine
1107 1272 1293 1307 monstrat

239 1352 467 1403 Pompilius,
481 1351 682 1404 studioque
701 1352 868 1390 arridens
884 1353 1007 1403 prima
1025 1358 1182 1404 paterno

239 1437 349 1476 Ausa
366 1438 482 1485 fovet,
498 1437 687 1488 dictisque
706 1438 851 1476 animos
865 1438 1035 1477 accendit
1053 1439 1199 1478 amicis.

238 1516 348 1566 Saepe
366 1519 496 1554 tamen
513 1516 644 1555 turbas
660 1516 792 1555 furtim
810 1517 993 1570 regnique
1010 1519 1199 1558 tumultus

239 1598 401 1651 Effugit,
421 1602 460 1637 et
473 1600 606 1650 priscae
622 1600 752 1638 recolit
767 1601 930 1652 vestigia
947 1602 1053 1641 vitae.

238 1684 293 1722 Et
310 1697 411 1723 nunc
429 1684 635 1723 ambrosios
653 1685 739 1735 puri
756 1685 854 1723 bibit
874 1686 968 1724 aeris
988 1686 1147 1726 haustus

237 1767 348 1807 Colle
366 1781 510 1820 vagans
523 1768 616 1818 alto,
629 1782 671 1806 ac
683 1769 859 1807 mortalia
872 1774 999 1808 mente
1016 1783 1146 1809 serena

237 1853 426 1904 Despicit,
442 1857 481 1892 et
499 1854 585 1892 coeli
602 1854 742 1892 fruitur
756 1854 994 1904 propioribus
1005 1855 1092 1893 oris.

236 1938 392 1990 Cespite
408 1952 508 1977 nunc
527 1938 631 1988 vivo,
650 1944 792 1977 secreta
810 1939 851 1976 iu
867 1941 965 1979 valle
982 1948 1167 1991 repostus,

236 2022 458 2070 Procubuit,
474 2035 671 2061 nemorum
690 2023 843 2062 aestivos
861 2023 927 2062 ubi
941 2024 1096 2063 frondea
1114 2025 1210 2064 soles

238 2107 354 2148 Atria
371 2106 592 2158 defendunt,
610 2106 780 2159 ripaeque
797 2107 932 2148 sedilia
949 2108 1085 2148 lambit
