1358 2470
39 286 106 323 bus
128 290 275 322 tantum
300 286 505 333 distinctus,
534 290 800 323 sacrosanctam
826 285 923 322 certe
950 290 1172 332 potestatem

39 345 243 389 exercebat,
274 345 447 391 omnique
481 345 646 381 Deorum
679 344 945 379 immortalium
980 345 1174 390 majestate

37 402 220 438 vestitam.
273 402 417 443 Quibus
433 403 548 449 igitur
564 403 818 438 instrumentis
837 402 954 448 aptati
975 402 1069 438 hanc
1089 407 1173 437 tan-

38 464 115 495 tam
142 459 211 494 sibi
236 460 314 496 vim
354 465 390 495 et
416 460 638 507 dignitatem
655 460 810 496 assecuti
840 462 951 495 sunt?
1001 460 1173 494 Primum

38 517 187 563 quidem
212 518 316 553 illam
339 529 413 552 non
437 518 476 553 in
496 518 683 553 mentibus
705 518 837 553 nostris
860 517 1087 563 inscriptam,
1110 517 1173 552 sed

38 575 203 610 innatam
235 576 308 611 Dei
339 576 528 611 notionem
565 576 692 611 sedulo
736 575 930 611 foverunt:
972 575 1176 610 manebant

37 633 166 679 priscae
193 634 363 680 quaedam
390 634 476 669 fidei
502 633 669 680 vestigia,
697 645 780 679 quae
808 633 838 667 si
863 644 938 668 non
964 644 1174 679 expressam

40 690 112 726 Dei
125 691 338 738 imaginem,
352 696 391 727 at
405 691 501 727 certe
518 692 776 727 adumbratam
794 691 1021 727 revelabant.
1058 692 1173 726 Acce-

40 749 150 785 debat
165 761 209 785 eo
225 749 313 785 vitae
333 749 427 785 ratio
450 761 545 796 pura
564 749 808 796 simplexque,
827 753 909 783 tum
936 748 1007 784 loci
1029 760 1176 795 quoque

40 807 194 854 relligio.
246 807 345 848 Quid
370 808 470 843 enim
497 807 582 843 coeli
608 807 708 842 illius
733 806 920 849 serenitas,
946 806 1037 852 quid
1060 806 1176 852 patris

39 865 227 911 Apennini
252 865 434 912 majestaS,
461 865 551 911 quid
579 865 768 911 utriusque
797 864 907 899 maris
933 864 1173 909 immensitas,

38 926 173 970 proeter
193 923 265 958 Dei
291 928 462 958 naturam
484 934 628 969 puram,
652 922 866 964 verendam,
885 921 1067 956 infinitam
1090 926 1176 956 ante

39 980 162 1016 oculos
181 980 375 1015 hominum
400 982 645 1027 proponeret?
694 980 896 1026 Aptissima
917 984 1005 1015 sunt
1025 980 1176 1015 omnino

40 1049 142 1073 arma
158 1038 317 1073 civitatis
336 1039 506 1086 regendae
526 1038 667 1073 rituum
686 1038 1050 1084 ceremoniarumque
1068 1038 1175 1073 insti-

43 1100 136 1141 tuta,
154 1107 237 1142 quae
253 1096 373 1141 primo
389 1096 552 1143 quidem,
571 1108 591 1132 e
608 1096 772 1142 simplice
792 1095 864 1131 Dei
881 1100 984 1131 metu
1000 1095 1174 1142 profecta,

42 1165 130 1189 mox
145 1153 257 1188 etiam
275 1153 323 1188 ad
345 1154 611 1200 rempublicam
630 1154 865 1196 firmandam,
888 1153 1083 1189 mirificam
1108 1154 1176 1189 ha-

41 1212 131 1246 bent
145 1211 234 1246 vim.
272 1211 396 1246 Multa
411 1211 528 1258 igitur
545 1223 567 1246 a
582 1211 830 1247 sacerdotibus
846 1212 987 1246 utiliter
1001 1211 1175 1258 inventa3

41 1268 199 1304 invicem
223 1280 305 1315 quae
328 1268 554 1304 invenissent
574 1269 621 1304 ab
641 1269 895 1304 inventoribus
913 1269 1001 1316 ipsis
1025 1270 1175 1313 credita,

41 1338 198 1373 quorum
214 1326 388 1362 vaticinia
410 1338 448 1362 se
465 1326 546 1373 ipsa
565 1326 770 1373 explerent,
789 1338 874 1362 cum
897 1327 1062 1374 ejusdem
1084 1332 1178 1363 esset

42 1383 179 1420 ordinis
201 1388 239 1419 et
261 1383 448 1420 civitatem
469 1385 723 1419 administrare
746 1388 784 1420 et
806 1383 882 1420 fata
901 1385 1060 1421 civitatis
1079 1397 1176 1432 prae-

43 1453 203 1478 monere.
252 1442 276 1476 J
280 1453 340 1477 am
356 1442 420 1477 illa
435 1442 590 1488 pristina
605 1442 755 1477 libertas
777 1454 951 1489 oppressa
967 1448 1079 1490 atque
1101 1455 1177 1479 res-

43 1498 158 1534 tincta
173 1499 262 1534 fuit:
290 1499 499 1545 superstitio
514 1504 610 1535 tetra
620 1499 761 1535 animos
774 1500 966 1535 hominum
978 1500 1178 1544 invaserat,

42 1568 124 1603 quae
153 1568 227 1592 11011
253 1561 332 1592 tam
359 1568 490 1592 nervos
516 1557 676 1592 civitatis
701 1558 920 1603 debilitavit,
944 1570 1056 1605 quam
1082 1558 1179 1594 vires

43 1614 210 1650 omnium
241 1614 281 1649 in
314 1626 351 1650 se
382 1615 463 1661 ipsa
495 1615 655 1662 collegit.
716 1615 820 1651 Adeo
851 1615 921 1651 fuit
952 1616 1179 1651 admirabilis

42 1672 212 1718 quaedam
236 1672 399 1719 partium
429 1672 682 1718 conformatio,
717 1678 760 1707 ut
792 1673 864 1708 alia
894 1685 941 1708 ex
972 1673 1052 1709 aliis
1082 1685 1180 1725 nexa

44 1731 238 1776 omniaque
255 1730 293 1764 in
309 1730 377 1765 hoc
393 1742 509 1765 unum
527 1742 549 1765 a
576 1736 612 1765 te
628 1730 711 1765 colli
739 1735 801 1765 ata
816 1721 1040 1767 viderentur.
1085 1722 1179 1772 Quae

44 1777 367 1823 111ΐῦᾞῖἶὶἶῖἦῖ
368 1777 491 1823 FEffin
511 1788 672 1823 sollertia
693 1789 741 1823 ad
758 1789 947 1824 Romanos
967 1789 1178 1833 defluxerit,

44 1843 84 1880 in
112 1856 155 1880 co
185 1849 310 1880 tamen
354 1846 400 1881 ab
433 1846 598 1881 Etruscis
637 1846 836 1890 distabant,
871 1847 971 1893 quod
1012 1847 1180 1882 flamines

46 1903 332 1950 sacerdotesque,
365 1903 452 1939 licet
483 1915 569 1938 cum
603 1903 765 1949 patriciis
796 1903 937 1951 origine
977 1905 1180 1951 studiisque

46 1961 212 2006 connexi,
232 1965 442 2007 separatum
463 1966 588 1996 tamen
603 1961 642 1995 in
659 1961 847 2007 republica
863 1962 1032 1998 ordinem
1049 1961 1180 1998 effece-

46 2021 143 2054 runt.
185 2018 272 2054 Fuit
287 2018 353 2054 illa
369 2018 497 2054 revera
509 2019 747 2054 Etruscorum
764 2019 921 2066 relligio,
937 2019 1041 2066 quasi
1056 2019 1181 2055 anima

0 2117 1 2122 ¹
47 2075 215 2121 quaedam
238 2087 304 2122 per
331 2075 578 2111 humanarum
603 2087 729 2111 rerum
763 2076 899 2112 molem
930 2076 1064 2120 infusa,
1098 2089 1181 2123 quae

47 2143 173 2169 omnes
196 2133 404 2170 animorum
430 2138 552 2170 motus
583 2133 819 2180 replicatione
848 2135 1010 2181 quadam
1038 2139 1181 2182 regeret
