1358 2470
243 193 359 223 APUD
377 191 596 226 ANTIQUOS
617 191 683 220 Vls
703 190 758 219 ΕΤ
781 176 1010 219 numus?
1173 177 1220 215 11

26 293 242 350 jaculatio,
265 293 452 344 luctatio,
474 291 699 350 pugilatus,
721 290 955 347 eademque
986 288 1113 331 modo
1142 287 1227 331 sin-

31 361 223 418 gulatim,
253 361 381 404 modo
418 359 842 417 conjunctim—illud
881 366 1025 401 tamen
1066 356 1225 414 ubique

30 428 209 471 vetitum
229 444 283 471 ne
303 428 397 487 quis
416 428 503 470 telo
522 441 734 485 quoquam
766 433 970 468 uteretur.
1032 423 1227 467 Heroicis

32 496 133 539 sane
162 496 423 554 temporibus
452 495 660 538 recentior
687 494 781 536 haec
815 493 1075 537 consuetudo
1108 500 1226 544 erat3

32 565 126 622 quis
154 565 270 608 enim
290 565 455 621 ignorat
475 563 698 606 Diomedis
720 562 947 620 Ajacisque
968 568 1225 604 armatorum

33 640 132 675 ante
183 633 366 676 Patrocli
414 633 586 675 bustum
636 630 987 674 contentionem?
1054 630 1227 687 Itaque⁶

37 700 173 752 Plato,
195 707 294 745 cum
324 717 377 744 ex
403 701 534 744 animi
564 700 775 744 sententia
803 700 996 742 instituta
1024 698 1227 754 fingebat,

33 769 204 812 armatis
224 769 464 812 hominibus
484 785 568 811 non
591 768 715 811 nudis
735 767 975 825 complebat
997 765 1228 824 gymnasia.

35 837 189 895 Neque
210 838 324 880 idem
344 839 398 881 ab
419 838 621 880 effusione
641 836 856 892 sanguinis
871 835 1137 885 abhorrebat,
1155 835 1229 891 qui

33 913 196 948 vetaret
213 921 268 948 ne
289 908 486 964 cuiquam
507 906 609 949 vitio
629 905 800 948 daretur
828 904 943 962 quod
969 902 1100 946 alium
1127 917 1230 945 casu

33 973 76 1016 in
98 973 285 1016 ludendo
312 975 546 1029 occidisset,
565 989 706 1032 neque
733 977 990 1029 magnopere
1021 970 1229 1028 ejusmodi

34 1044 232 1102 periculis
252 1060 277 1088 a
295 1045 610 1101 magistratibus
638 1044 872 1087 cavendum
894 1042 1036 1086 vellet.
1097 1041 1231 1084 Pleri-

34 1127 119 1170 que
139 1119 283 1154 tamen
304 1127 328 1155 e
349 1112 559 1157 contraria
578 1120 698 1170 parte
714 1112 894 1162 stabant,
912 1125 1092 1169 quorum
1113 1125 1231 1168 cory-

35 1181 184 1239 phaeus
205 1181 420 1225 Lucianus
438 1197 528 1225 esse
549 1188 699 1238 potest.
747 1181 802 1223 Τὸ
830 1180 865 1223 δὲ
892 1183 930 1232 δὴ
954 1181 992 1222 ἒν
1012 1177 1136 1228 ὅπλοις
1154 1197 1232 1222 πει-

37 1251 170 1308 ςὶίσθαι
198 1253 318 1293 αὐτῶν
347 1251 412 1293 καὶ
439 1253 524 1310 ὄςᾷν
552 1249 880 1309 τιτρωσκομένους,
900 1248 1042 1306 ἄπαγε·
1072 1249 1232 1306 θηριῶδες

36 1322 129 1378 γὰρ,
152 1320 216 1362 καὶ
241 1321 357 1368 δεινῶς
382 1319 525 1370 σκαιὸν,
548 1320 611 1361 καὶ
639 1317 790 1376 προσ-ἐτι
817 1337 865 1376 γε
891 1316 1110 1366 ἀλυσιτελὲς
1137 1319 1231 1359 ἀπο-

36 1388 215 1443 σφάττειν
243 1389 326 1437 τοὺς
355 1388 528 1446 ἀρίστους
558 1389 622 1430 καὶ
651 1388 701 1437 οἷς
726 1387 771 1430 ἄν
796 1405 852 1437 τις
877 1387 1023 1442 ἄμεινον
1038 1388 1230 1446 χρήσαιτο

35 1459 139 1499 κατὰ
170 1462 243 1499 τῶν
274 1455 468 1511 πολεμίων.
532 1456 642 1499 Satis
671 1464 835 1498 constat
862 1465 1061 1498 neutrum
1096 1455 1233 1513 philo-

36 1525 216 1583 sophum
250 1525 526 1582 contemplari
549 1525 640 1582 jam
670 1524 902 1568 certamina
930 1532 1149 1582 tamquam
1177 1525 1233 1568 ad

37 1607 104 1636 res
142 1607 278 1636 sacras
310 1608 458 1636 verum
492 1593 547 1636 ad
585 1593 777 1651 publicas
810 1593 1056 1650 spectantia,
1090 1607 1232 1650 neque

38 1661 190 1704 eadem
211 1661 415 1704 Eleorum
434 1661 600 1718 legibus
619 1676 766 1705 verum
787 1661 999 1704 commodi
1020 1661 1233 1704 utilitatis-

38 1745 122 1789 que
156 1730 319 1787 regula,
349 1730 572 1775 aestimare.
633 1730 778 1773 Litem
807 1730 971 1773 facilius
999 1731 1232 1788 dijudicare

38 1798 244 1856 possimus
264 1799 298 1842 si
321 1799 611 1843 Romanorum
632 1814 728 1842 cum
753 1799 909 1843 Graeca
928 1799 1233 1842 consuetudine

39 1867 354 1912 contulerimus.
414 1867 606 1911 Multum
646 1867 761 1910 enim
800 1868 911 1911 inter
944 1868 1021 1911 hos
1054 1867 1233 1926 illosque

38 1936 228 1980 interest.

98 2005 210 2048 Cum
237 2005 292 2047 de
323 2005 614 2048 Romanorum
643 2004 756 2047 ludis
785 2003 924 2060 agitur
955 2004 1115 2047 nemini
1146 2019 1232 2047 non

39 2080 178 2129 potest
203 2073 246 2116 in
276 2081 465 2116 mentem
494 2072 637 2115 venire
659 2075 847 2129 Campus
872 2072 944 2115 ille
974 2072 1156 2116 Martius
1184 2088 1233 2116 ac

580 2170 593 2185 ‘
619 2163 703 2195 Ibid.
