1358 2470
187 304 414 356 Pelasgicam
432 307 553 344 sedem
566 305 711 352 referri;
736 317 824 352 quos
842 309 963 341 tamen
978 303 1057 341 loca
1070 301 1148 351 ipsa
1157 300 1302 340 effertis*

186 372 276 411 sent,
300 371 342 400 ut
362 377 408 400 ne
423 377 551 400 sonum
571 364 719 410 quidem
744 364 877 410 linguae
898 363 1147 408 incorruptum
1167 361 1300 397 retine-

185 427 279 457 rent.
303 422 428 467 Neque
440 422 560 455 minus
571 420 765 465 adjuvabat
776 431 835 455 eos
847 419 962 454 Italiae
973 419 1208 465 perturbatio,
1219 429 1301 464 quae

185 487 268 513 cum
286 478 426 525 ingenti
443 478 663 513 advenarum
679 476 817 511 diluvio
836 487 940 522 paene
956 475 1036 522 ipsa
1050 475 1259 510 fluctuabat.

233 534 304 569 Sed
329 534 499 580 quoniam
526 534 564 567 in
589 532 822 568 interminato
844 544 987 589 campo
996 543 1182 582 versamur
1203 536 1241 567 et
1262 532 1300 566 in

187 601 296 636 quem
318 590 507 626 intendens
523 595 560 626 et
579 590 768 636 projiciens
788 601 824 624 se
844 586 998 631 animm,
1004 575 1178 624 nullam
1176 593 1300 624 tamen

186 658 287 681 oram
303 645 426 682 videat
442 647 543 693 (cum
567 646 702 693 linguae
728 645 888 682 Etruscae
913 657 1028 710 pauca
1051 651 1195 681 tantum
1219 657 1300 681 ves-

187 704 279 749 tigia
305 703 497 749 supersint,
533 703 578 738 de
611 703 741 748 quibus
765 706 889 737 tamen
918 701 1003 748 ipsis
1028 702 1171 755 summa
1201 701 1298 748 apud

187 759 320 805 doctos?
327 759 559 806 contentione
582 763 751 805 certatur,
769 764 1007 794 monumenta
1022 770 1107 794 vero
1127 770 1209 805 quoe
1228 759 1300 794 sint

187 814 435 857 Etruscorum,
453 826 498 850 ne
517 815 593 850 ulla
614 816 762 860 quidem
785 815 872 850 nota
895 814 1048 851 discerni
1067 815 1232 862 possunt)
1251 814 1297 850 ad

186 882 229 906 ea
251 871 372 916 potius
396 871 611 917 inquirenda
633 872 855 915 festinemus,
880 883 962 918 quae
982 873 1070 915 vita,
1093 873 1156 919 qui
1179 883 1298 908 mores

186 926 333 970 fuerint,
349 926 481 972 quibus
497 927 552 962 vel
574 927 727 974 legibus,
745 928 804 963 vel
824 928 998 963 institutis
1022 940 1064 964 eo
1085 940 1198 974 usque
1220 940 1297 964 cre-

186 983 305 1018 verint
317 983 554 1019 Etruscorum
571 995 668 1029 opeS‚
682 990 723 1019 ut
739 985 785 1019 de
802 984 919 1020 Italiae
935 985 1009 1020 sive
1025 985 1121 1020 orbis
1134 985 1297 1030 imperio,

185 1044 242 1075 tot
262 1051 375 1075 annos
399 1051 483 1075 cum
509 1040 671 1087 principe
693 1045 871 1076 terrarum
896 1041 1031 1086 populo
1050 1041 1297 1085 decertarent3

185 1097 302 1141 qualis
327 1097 482 1142 denique
507 1097 571 1131 illa
596 1108 678 1132 cum
707 1097 880 1133 Romanis
908 1097 1068 1140 societas,
1095 1108 1177 1143 quae
1208 1097 1299 1132 ritus

184 1155 474 1200 ceremoniasque
491 1155 679 1190 amborum
695 1156 732 1190 in
748 1167 864 1190 unum
881 1155 1075 1200 miscuerit,
1093 1156 1297 1191 libertatem

186 1210 361 1247 Romanae
372 1212 486 1258 plebis
493 1212 572 1258 jam
583 1217 791 1247 nascentem
797 1212 1023 1258 oppresserit,
1035 1212 1296 1258 rempublicam

184 1269 328 1314 penitus
344 1268 626 1303 labefactaverit.

232 1326 282 1360 Et
297 1325 468 1371 quoniam
485 1336 507 1360 a
525 1325 686 1359 Deorum
703 1322 902 1360 reverentia
919 1324 1055 1370 pendet
1073 1324 1190 1359 omnis
1206 1323 1296 1359 civi-

183 1387 251 1426 tas,
264 1382 497 1427 maximeque
513 1382 551 1416 in
562 1381 606 1416 ea
622 1386 742 1428 gente,
754 1393 848 1427 quae,
862 1392 945 1416 cum
958 1385 1034 1415 arte
1046 1380 1188 1416 colendi
1200 1380 1299 1415 Deos

183 1439 387 1480 excelleret,
414 1450 489 1484 prae
514 1438 640 1473 ceteris
663 1437 841 1484 relligioni
873 1438 996 1472 dedita
1024 1436 1104 1479 fuit,
1135 1437 1296 1482 primum

184 1495 351 1542 quisnam
374 1495 462 1530 ordo
492 1495 667 1536 Deorum,
695 1494 802 1540 quive
828 1505 1010 1529 sacrorum
1032 1493 1168 1528 fuerint
1192 1493 1307 1536 ritus‚⁴

183 1552 460 1597 anquirendum.
511 1551 663 1596 Semper
701 1551 798 1586 enim
831 1551 1064 1586 Etruscorum
1096 1550 1298 1595 respublica

183 1608 381 1644 arctissimo
394 1607 589 1654 relligionis
599 1607 743 1643 vinculo
756 1607 927 1654 colligata
942 1607 1033 1651 fuit;
1056 1607 1132 1641 haec
1147 1607 1296 1652 propin-

183 1675 285 1710 quos,
294 1665 371 1700 haec
379 1665 474 1699 cives
485 1664 671 1710 conjunxit
680 1676 689 1709 3
706 1664 783 1699 haec
797 1663 986 1699 duodecim
998 1663 1090 1698 inter
1099 1675 1135 1698 se
1145 1664 1298 1709 populos

183 1721 416 1766 consociavit3
431 1721 541 1756 etiam
551 1720 618 1755 hoe
625 1720 758 1755 artium
765 1720 995 1766 scientiaeque
1005 1720 1295 1764 fundamentum,

184 1777 263 1812 fons
284 1775 400 1812 omnis
422 1777 558 1823 publici
580 1777 782 1823 privatique
797 1777 901 1823 juris.
953 1777 1042 1812 Erat
1063 1777 1160 1812 enim
1180 1777 1297 1811 omnis

183 1834 285 1880 quasi
304 1834 466 1869 Deorum
483 1833 621 1877 civitas,
641 1834 677 1868 in
695 1834 767 1879 qua
783 1834 846 1880 qui
860 1833 1018 1879 auspicia
1029 1833 1203 1868 haberent
1219 1845 1295 1868 rem

183 1893 360 1934 gererent,
385 1899 450 1923 nec
475 1887 574 1922 aliud
600 1892 690 1922 esset
714 1887 936 1933 principibus
960 1898 1164 1933 repugnare
1186 1898 1295 1932 quam

183 1944 309 1979 bellari
319 1956 402 1979 cum
414 1943 506 1979 Diis.
535 1944 569 1978 N
572 1956 631 1979 am
642 1948 683 1979 ut
693 1943 790 1990 apud
802 1943 927 1979 Gallos
939 1943 1102 1985 Druidte,
1114 1944 1211 1990 apud
1224 1944 1296 1978 Ba-

184 2001 349 2047 bylonios
365 2001 527 2036 Chaldaei
537 2001 680 2036 summa
692 2011 812 2036 rerum
827 1999 946 2053 potiti
948 2004 1044 2042 sunt,
1057 2001 1107 2036 sic
1124 2000 1293 2036 Etrusco-

182 2069 263 2092 rum
278 2058 502 2093 Lucumones
519 2054 592 2092 sive
605 2052 802 2092 sacerdotes
811 2047 920 2092 domi
928 2045 1109 2102 forisque‘
1099 2057 1292 2103 imperium

182 2114 428 2150 obtinuerunt,
479 2114 551 2155 Qui
567 2114 715 2160 quidem
727 2114 815 2149 ordo
831 2113 905 2149 sive
920 2125 1064 2160 genere,
1080 2113 1154 2149 sive
1170 2114 1292 2160 gradi-
