1422 2476
715 185 742 223 4

146 323 245 369 Quis
264 335 385 362 novus
404 321 564 360 instabit
583 319 788 358 condendae
805 317 995 357 Romulus
1013 317 1114 364 urbi,

146 407 448 458 Romuleamque
464 408 571 457 geret
588 404 698 443 bellis
713 402 957 456 surgentibus
973 403 1121 441 hastam
1134 399 1154 439 ’ἱ

197 577 224 613 J
226 589 343 628 ugera
359 576 454 613 forte
473 573 603 624 procul
617 574 817 611 contentus
834 585 956 623 pauca
975 570 1108 610 Sabini

146 661 263 701 Ruris
281 664 376 707 arat,
396 658 565 699 Curibus
579 657 707 708 parvis
726 656 938 697 venerabile
955 669 1107 702 nomen,

144 745 358 796 Pompilius
373 758 384 789 3
413 756 527 795 quem
542 755 618 780 non
636 742 846 793 sapientem
865 740 1014 778 Graecia
1028 739 1171 777 chartis

145 830 272 868 Docta
289 827 482 874 laboratis,
503 826 622 865 Samii
641 838 717 863 non
734 826 899 876 mystica
918 824 1032 863 verba

145 915 316 953 Effeeere
334 911 472 960 senia*
490 909 556 950 sed
575 910 696 949 virtus
714 910 855 957 vivida,
874 909 940 948 sed
957 922 1064 948 mens

147 1001 263 1039 Haud
281 1001 414 1052 ignara
432 998 537 1045 mali,
554 998 751 1048 vitamque
769 1000 927 1048 experta
943 995 1180 1048 magistram.

147 1086 253 1132 Quin
267 1090 305 1123 et
323 1088 538 1124 nascentem
556 1082 715 1134 placidis
732 1082 860 1120 videre
879 1082 1056 1120 Camenae

146 1170 388 1217 Luminibus,
407 1172 656 1219 sanctumque
670 1165 743 1204 sibi
762 1166 886 1217 legere
903 1164 1135 1203 ministrum.

147 1255 348 1294 Montibus
364 1254 443 1292 alta
462 1253 569 1305 quies
585 1251 950 1303 puerum,silvaeque
967 1247 1167 1300 profundae

148 1340 310 1386 Scilicet,
330 1343 368 1377 et
385 1339 481 1377 varii
506 1338 637 1376 vultus
654 1335 852 1375 mutabilis
871 1333 962 1373 anui

148 1423 316 1462 Sem-evit
335 1422 491 1474 populo,
513 1435 559 1460 ac
577 1419 802 1472 vigilantem
820 1423 931 1458 nocte
954 1430 1086 1458 serena

150 1509 297 1548 Lucida
314 1507 496 1547 sublimes
515 1507 723 1545 docuerunt
738 1504 860 1544 sidera
876 1504 996 1543 nisus.

147 1595 261 1633 Illam
280 1607 379 1645 saepe
398 1593 554 1631 domum
574 1591 700 1629 dubiis
719 1590 858 1628 vicinia
875 1589 988 1627 rebus

148 1678 339 1729 stipabat,
359 1679 462 1730 leges
480 1677 568 1715 hinc
587 1677 687 1714 ultro
711 1688 754 1713 ac
768 1675 858 1725 jura.
874 1672 1041 1725 petebat.

151 1765 312 1803 Necnon
330 1762 581 1801 Romulidum
598 1761 713 1800 fando
731 1760 904 1810 pervenit
922 1759 970 1798 ad
991 1771 1100 1797 aures

148 1848 267 1887 Fama
285 1848 369 1895 viri,
383 1854 421 1887 et
437 1846 565 1887 subito
583 1844 768 1897 percussit
785 1847 938 1895 pectora
953 1846 1075 1882 motu.

149 1934 252 1986 Ergo
271 1936 437 1972 oratores
458 1935 600 1971 secreto
618 1931 711 1969 calle
730 1929 889 1981 profecti

192 2061 209 2077 ⁴*
232 2060 457 2097 Samii—senis,
471 2059 605 2099 alluding
626 2062 658 2089 to
682 2057 733 2088 the
753 2056 908 2095 tradition,
933 2054 1062 2095 rejected
1084 2054 1126 2094 by
1151 2053 1241 2093 Livy,
1263 2051 1329 2082 that

150 2119 253 2150 Numa
269 2130 330 2150 was
344 2130 363 2150 a
378 2118 501 2159 disciple
517 2117 550 2148 of
562 2116 758 2158 Pythagoras-
