<?xml version="1.0" encoding="UTF-8"?>
<!DOCTYPE html PUBLIC "-//W3C//DTD XHTML 1.0 Transitional//EN"
    "http://www.w3.org/TR/xhtml1/DTD/xhtml1-transitional.dtd">
<html xmlns="http://www.w3.org/1999/xhtml" xml:lang="en" lang="en">
 <head>
  <title>
</title>
<meta http-equiv="Content-Type" content="text/html;charset=utf-8" />
  <meta name='ocr-system' content='tesseract 3.04.00' />
  <meta name='ocr-capabilities' content='ocr_page ocr_carea ocr_par ocr_line ocrx_word'/>
</head>
<body>
  <div class='ocr_page' id='page_1' title='image "./oxoniensa00oxonuoft_0176.png"; bbox 0 0 1422 2476; ppageno 0'>
   <div class='ocr_carea' id='block_1_1' title="bbox 781 176 830 214">
    <p class='ocr_par' dir='ltr' id='par_1_1' title="bbox 781 176 830 214">
     <span class='ocr_line' id='line_1_1' title="bbox 781 176 830 214; baseline 0 0"><span class='ocrx_word' id='word_1_1' title='bbox 781 176 830 214; x_wconf 87' lang='lat'><strong>14</strong></span> 
     </span>
    </p>
   </div>
   <div class='ocr_carea' id='block_1_2' title="bbox 210 303 1390 2063">
    <p class='ocr_par' dir='ltr' id='par_1_2' title="bbox 274 303 1390 430">
     <span class='ocr_line' id='line_1_2' title="bbox 274 303 1390 363; baseline 0.009 -21"><span class='ocrx_word' id='word_1_2' title='bbox 274 303 447 356; x_wconf 83' lang='lat' dir='ltr'><strong>Jamque</strong></span> <span class='ocrx_word' id='word_1_3' title='bbox 479 318 575 358; x_wconf 88' lang='lat' dir='ltr'><strong>opus</strong></span> <span class='ocrx_word' id='word_1_4' title='bbox 603 306 846 356; x_wconf 82' lang='lat' dir='ltr'><strong>exhaustum,</strong></span> <span class='ocrx_word' id='word_1_5' title='bbox 873 314 988 360; x_wconf 85' lang='lat' dir='ltr'><strong>atque</strong></span> <span class='ocrx_word' id='word_1_6' title='bbox 1008 309 1145 349; x_wconf 84' lang='lat' dir='ltr'><strong>animis</strong></span> <span class='ocrx_word' id='word_1_7' title='bbox 1163 324 1230 363; x_wconf 87' lang='lat' dir='ltr'><strong>per</strong></span> <span class='ocrx_word' id='word_1_8' title='bbox 1257 319 1390 353; x_wconf 87' lang='lat' dir='ltr'><strong>mutua</strong></span> 
     </span>
     <span class='ocr_line' id='line_1_3' title="bbox 326 392 434 430; baseline 0.009 -1"><span class='ocrx_word' id='word_1_9' title='bbox 326 392 434 430; x_wconf 82' lang='lat' dir='ltr'>nexis</span> 
     </span>
    </p>

    <p class='ocr_par' dir='ltr' id='par_1_3' title="bbox 210 476 1235 2063">
     <span class='ocr_line' id='line_1_4' title="bbox 222 476 1124 532; baseline 0.008 -17"><span class='ocrx_word' id='word_1_10' title='bbox 222 477 269 515; x_wconf 90' lang='lat' dir='ltr'><strong>In</strong></span> <span class='ocrx_word' id='word_1_11' title='bbox 289 476 431 516; x_wconf 88' lang='lat' dir='ltr'><strong>solidas</strong></span> <span class='ocrx_word' id='word_1_12' title='bbox 457 491 585 517; x_wconf 81' lang='lat' dir='ltr'><strong>rerum</strong></span> <span class='ocrx_word' id='word_1_13' title='bbox 605 478 816 520; x_wconf 78' lang='lat' dir='ltr'><strong>coalescere</strong></span> <span class='ocrx_word' id='word_1_14' title='bbox 835 481 981 522; x_wconf 77' lang='lat' dir='ltr'><strong>semina</strong></span> <span class='ocrx_word' id='word_1_15' title='bbox 998 482 1124 532; x_wconf 82' lang='lat' dir='ltr'><strong>vires3</strong></span> 
     </span>
     <span class='ocr_line' id='line_1_5' title="bbox 222 561 1167 616; baseline 0.008 -16"><span class='ocrx_word' id='word_1_16' title='bbox 222 561 392 615; x_wconf 80' lang='lat' dir='ltr'><strong>Legibus</strong></span> <span class='ocrx_word' id='word_1_17' title='bbox 410 564 513 603; x_wconf 88' lang='lat' dir='ltr'><strong>unde</strong></span> <span class='ocrx_word' id='word_1_18' title='bbox 527 570 661 616; x_wconf 89' lang='lat' dir='ltr'><strong>potens</strong></span> <span class='ocrx_word' id='word_1_19' title='bbox 679 565 771 604; x_wconf 88' lang='lat' dir='ltr'><strong>olim</strong></span> <span class='ocrx_word' id='word_1_20' title='bbox 791 579 831 605; x_wconf 88' lang='lat' dir='ltr'><strong>se</strong></span> <span class='ocrx_word' id='word_1_21' title='bbox 850 567 1020 607; x_wconf 84' lang='lat' dir='ltr'><strong>maxima</strong></span> <span class='ocrx_word' id='word_1_22' title='bbox 1039 568 1167 608; x_wconf 84' lang='lat' dir='ltr'><strong>Roma</strong></span> 
     </span>
     <span class='ocr_line' id='line_1_6' title="bbox 222 646 1138 704; baseline 0.01 -20"><span class='ocrx_word' id='word_1_23' title='bbox 222 646 374 700; x_wconf 79' lang='lat' dir='ltr'><strong>Erigat,</strong></span> <span class='ocrx_word' id='word_1_24' title='bbox 393 654 431 686; x_wconf 91' lang='lat' dir='ltr'><strong>et</strong></span> <span class='ocrx_word' id='word_1_25' title='bbox 448 653 571 687; x_wconf 90' lang='lat' dir='ltr'><strong>totum</strong></span> <span class='ocrx_word' id='word_1_26' title='bbox 591 649 795 689; x_wconf 85' lang='lat' dir='ltr'><strong>virtutibus</strong></span> <span class='ocrx_word' id='word_1_27' title='bbox 813 658 976 704; x_wconf 85' lang='lat' dir='ltr'><strong>occupet</strong></span> <span class='ocrx_word' id='word_1_28' title='bbox 993 653 1138 692; x_wconf 86' lang='lat' dir='ltr'><strong>orbem.</strong></span> 
     </span>
     <span class='ocr_line' id='line_1_7' title="bbox 221 732 1137 790; baseline 0.01 -20"><span class='ocrx_word' id='word_1_29' title='bbox 221 732 330 785; x_wconf 85' lang='lat' dir='ltr'><strong>Ergo</strong></span> <span class='ocrx_word' id='word_1_30' title='bbox 345 740 456 785; x_wconf 83' lang='lat' dir='ltr'><strong>parta</strong></span> <span class='ocrx_word' id='word_1_31' title='bbox 473 734 555 773; x_wconf 90' lang='lat' dir='ltr'><strong>seni</strong></span> <span class='ocrx_word' id='word_1_32' title='bbox 573 736 738 788; x_wconf 85' lang='lat' dir='ltr'><strong>requies,</strong></span> <span class='ocrx_word' id='word_1_33' title='bbox 758 737 949 790; x_wconf 83' lang='lat' dir='ltr'><strong>sensitque</strong></span> <span class='ocrx_word' id='word_1_34' title='bbox 967 746 1137 789; x_wconf 83' lang='lat' dir='ltr'><strong>vocatus,</strong></span> 
     </span>
     <span class='ocr_line' id='line_1_8' title="bbox 222 819 1197 873; baseline 0.007 -15"><span class='ocrx_word' id='word_1_35' title='bbox 222 819 276 859; x_wconf 82' lang='lat' dir='ltr'><strong>Et</strong></span> <span class='ocrx_word' id='word_1_36' title='bbox 294 819 435 859; x_wconf 82' lang='lat' dir='ltr'><strong>fessum</strong></span> <span class='ocrx_word' id='word_1_37' title='bbox 455 821 602 873; x_wconf 87' lang='lat' dir='ltr'><strong>superis</strong></span> <span class='ocrx_word' id='word_1_38' title='bbox 616 821 672 860; x_wconf 84' lang='lat' dir='ltr'><strong>fas</strong></span> <span class='ocrx_word' id='word_1_39' title='bbox 691 822 900 863; x_wconf 82' lang='lat' dir='ltr'><strong>absolvisse</strong></span> <span class='ocrx_word' id='word_1_40' title='bbox 920 824 1034 864; x_wconf 88' lang='lat' dir='ltr'><strong>minis</strong></span> <span class='ocrx_word' id='word_1_41' title='bbox 1042 832 1197 864; x_wconf 81' lang='lat' dir='ltr'><strong>trum—</strong></span> 
     </span>
     <span class='ocr_line' id='line_1_9' title="bbox 220 908 1102 960; baseline 0.006 -14"><span class='ocrx_word' id='word_1_42' title='bbox 220 909 277 947; x_wconf 87' lang='lat' dir='ltr'><strong>At</strong></span> <span class='ocrx_word' id='word_1_43' title='bbox 293 908 365 947; x_wconf 85' lang='lat' dir='ltr'><strong>tibi</strong></span> <span class='ocrx_word' id='word_1_44' title='bbox 383 915 487 948; x_wconf 84' lang='lat' dir='ltr'><strong>trans</strong></span> <span class='ocrx_word' id='word_1_45' title='bbox 506 911 629 950; x_wconf 82' lang='lat' dir='ltr'><strong>undas</strong></span> <span class='ocrx_word' id='word_1_46' title='bbox 648 911 796 950; x_wconf 82' lang='lat' dir='ltr'><strong>devexo</strong></span> <span class='ocrx_word' id='word_1_47' title='bbox 812 911 891 950; x_wconf 92' lang='lat' dir='ltr'><strong>sole</strong></span> <span class='ocrx_word' id='word_1_48' title='bbox 910 912 1102 960; x_wconf 87' lang='lat' dir='ltr'><strong>rubentes,</strong></span> 
     </span>
     <span class='ocr_line' id='line_1_10' title="bbox 222 992 1194 1047; baseline 0.003 -16"><span class='ocrx_word' id='word_1_49' title='bbox 222 992 364 1032; x_wconf 84' lang='lat' dir='ltr'><strong>Sancta</strong></span> <span class='ocrx_word' id='word_1_50' title='bbox 381 993 525 1043; x_wconf 86' lang='lat' dir='ltr'><strong>anima,</strong></span> <span class='ocrx_word' id='word_1_51' title='bbox 544 1000 581 1033; x_wconf 90' lang='lat' dir='ltr'><strong>et</strong></span> <span class='ocrx_word' id='word_1_52' title='bbox 599 1008 716 1034; x_wconf 85' lang='lat' dir='ltr'><strong>roseae</strong></span> <span class='ocrx_word' id='word_1_53' title='bbox 737 1008 916 1047; x_wconf 84' lang='lat' dir='ltr'><strong>suprema</strong></span> <span class='ocrx_word' id='word_1_54' title='bbox 935 995 1078 1035; x_wconf 89' lang='lat' dir='ltr'><strong>cubilia</strong></span> <span class='ocrx_word' id='word_1_55' title='bbox 1097 995 1194 1034; x_wconf 89' lang='lat' dir='ltr'><strong>lucis</strong></span> 
     </span>
     <span class='ocr_line' id='line_1_11' title="bbox 220 1077 1171 1133; baseline 0.003 -17"><span class='ocrx_word' id='word_1_56' title='bbox 220 1077 292 1116; x_wconf 87' lang='lat' dir='ltr'><strong>Est</strong></span> <span class='ocrx_word' id='word_1_57' title='bbox 310 1078 462 1126; x_wconf 88' lang='lat' dir='ltr'><strong>domus,</strong></span> <span class='ocrx_word' id='word_1_58' title='bbox 482 1086 520 1118; x_wconf 92' lang='lat' dir='ltr'><strong>et</strong></span> <span class='ocrx_word' id='word_1_59' title='bbox 538 1078 636 1119; x_wconf 85' lang='lat' dir='ltr'><strong>laetis</strong></span> <span class='ocrx_word' id='word_1_60' title='bbox 654 1093 833 1119; x_wconf 88' lang='lat' dir='ltr'><strong>curarum</strong></span> <span class='ocrx_word' id='word_1_61' title='bbox 850 1081 993 1120; x_wconf 89' lang='lat' dir='ltr'><strong>oblivia</strong></span> <span class='ocrx_word' id='word_1_62' title='bbox 1010 1081 1171 1133; x_wconf 85' lang='lat' dir='ltr'><strong>campis.</strong></span> 
     </span>
     <span class='ocr_line' id='line_1_12' title="bbox 219 1162 1208 1217; baseline 0.004 -15"><span class='ocrx_word' id='word_1_63' title='bbox 219 1162 323 1211; x_wconf 86' lang='lat' dir='ltr'><strong>Illic,</strong></span> <span class='ocrx_word' id='word_1_64' title='bbox 343 1170 383 1203; x_wconf 89' lang='lat' dir='ltr'><strong>ut</strong></span> <span class='ocrx_word' id='word_1_65' title='bbox 402 1164 615 1216; x_wconf 87' lang='lat' dir='ltr'><strong>perhibent,</strong></span> <span class='ocrx_word' id='word_1_66' title='bbox 633 1178 706 1203; x_wconf 89' lang='lat' dir='ltr'><strong>non</strong></span> <span class='ocrx_word' id='word_1_67' title='bbox 728 1178 826 1204; x_wconf 84' lang='lat' dir='ltr'><strong>vano</strong></span> <span class='ocrx_word' id='word_1_68' title='bbox 845 1165 883 1205; x_wconf 88' lang='lat' dir='ltr'><strong>in</strong></span> <span class='ocrx_word' id='word_1_69' title='bbox 904 1166 1062 1217; x_wconf 91' lang='lat' dir='ltr'><strong>pulvere</strong></span> <span class='ocrx_word' id='word_1_70' title='bbox 1080 1179 1208 1206; x_wconf 90' lang='lat' dir='ltr'><strong>rerum</strong></span> 
     </span>
     <span class='ocr_line' id='line_1_13' title="bbox 220 1248 1235 1302; baseline 0.005 -16"><span class='ocrx_word' id='word_1_71' title='bbox 220 1248 466 1298; x_wconf 88' lang='lat' dir='ltr'><strong>Sudandum,</strong></span> <span class='ocrx_word' id='word_1_72' title='bbox 486 1254 553 1288; x_wconf 87' lang='lat' dir='ltr'><strong>aut</strong></span> <span class='ocrx_word' id='word_1_73' title='bbox 571 1262 676 1302; x_wconf 82' lang='lat' dir='ltr'><strong>aegro</strong></span> <span class='ocrx_word' id='word_1_74' title='bbox 696 1249 878 1289; x_wconf 84' lang='lat' dir='ltr'><strong>volvendi</strong></span> <span class='ocrx_word' id='word_1_75' title='bbox 897 1251 1011 1289; x_wconf 88' lang='lat' dir='ltr'><strong>corde</strong></span> <span class='ocrx_word' id='word_1_76' title='bbox 1030 1250 1235 1291; x_wconf 88' lang='lat' dir='ltr'><strong>labores—-</strong></span> 
     </span>
     <span class='ocr_line' id='line_1_14' title="bbox 219 1333 1217 1389; baseline 0.004 -18"><span class='ocrx_word' id='word_1_77' title='bbox 219 1333 310 1372; x_wconf 93' lang='lat' dir='ltr'><strong>Non</strong></span> <span class='ocrx_word' id='word_1_78' title='bbox 332 1334 490 1373; x_wconf 85' lang='lat' dir='ltr'><strong>miseros</strong></span> <span class='ocrx_word' id='word_1_79' title='bbox 507 1334 616 1386; x_wconf 89' lang='lat' dir='ltr'><strong>angit</strong></span> <span class='ocrx_word' id='word_1_80' title='bbox 629 1334 745 1373; x_wconf 86' lang='lat' dir='ltr'><strong>timor</strong></span> <span class='ocrx_word' id='word_1_81' title='bbox 763 1342 830 1374; x_wconf 83' lang='lat' dir='ltr'><strong>aut</strong></span> <span class='ocrx_word' id='word_1_82' title='bbox 848 1349 933 1386; x_wconf 89' lang='lat' dir='ltr'><strong>spes</strong></span> <span class='ocrx_word' id='word_1_83' title='bbox 948 1335 1049 1375; x_wconf 86' lang='lat' dir='ltr'><strong>lenta</strong></span> <span class='ocrx_word' id='word_1_84' title='bbox 1068 1336 1217 1389; x_wconf 85' lang='lat' dir='ltr'><strong>fatigat.</strong></span> 
     </span>
     <span class='ocr_line' id='line_1_15' title="bbox 216 1419 1110 1471; baseline 0.003 -14"><span class='ocrx_word' id='word_1_85' title='bbox 216 1419 296 1457; x_wconf 81' lang='lat' dir='ltr'><strong>Vix</strong></span> <span class='ocrx_word' id='word_1_86' title='bbox 316 1419 390 1458; x_wconf 86' lang='lat' dir='ltr'><strong>aevi</strong></span> <span class='ocrx_word' id='word_1_87' title='bbox 410 1419 573 1471; x_wconf 87' lang='lat' dir='ltr'><strong>placidis</strong></span> <span class='ocrx_word' id='word_1_88' title='bbox 591 1421 668 1459; x_wconf 80' lang='lat' dir='ltr'><strong>acti</strong></span> <span class='ocrx_word' id='word_1_89' title='bbox 687 1419 894 1459; x_wconf 85' lang='lat' dir='ltr'><strong>simulacra</strong></span> <span class='ocrx_word' id='word_1_90' title='bbox 913 1428 1110 1460; x_wconf 85' lang='lat' dir='ltr'><strong>recursant</strong></span> 
     </span>
     <span class='ocr_line' id='line_1_16' title="bbox 218 1504 1145 1557; baseline 0.001 -14"><span class='ocrx_word' id='word_1_91' title='bbox 218 1504 433 1554; x_wconf 85' lang='lat' dir='ltr'><strong>Mentibus,</strong></span> <span class='ocrx_word' id='word_1_92' title='bbox 452 1512 490 1544; x_wconf 87' lang='lat' dir='ltr'><strong>et</strong></span> <span class='ocrx_word' id='word_1_93' title='bbox 508 1504 614 1544; x_wconf 90' lang='lat' dir='ltr'><strong>nullo</strong></span> <span class='ocrx_word' id='word_1_94' title='bbox 632 1504 812 1544; x_wconf 87' lang='lat' dir='ltr'><strong>labuntur</strong></span> <span class='ocrx_word' id='word_1_95' title='bbox 830 1512 1003 1557; x_wconf 82' lang='lat' dir='ltr'><strong>tempora</strong></span> <span class='ocrx_word' id='word_1_96' title='bbox 1021 1519 1145 1544; x_wconf 89' lang='lat' dir='ltr'><strong>sensu.</strong></span> 
     </span>
     <span class='ocr_line' id='line_1_17' title="bbox 214 1590 1105 1642; baseline 0.002 -14"><span class='ocrx_word' id='word_1_97' title='bbox 214 1590 416 1629; x_wconf 82' lang='lat' dir='ltr'><strong>AEternam</strong></span> <span class='ocrx_word' id='word_1_98' title='bbox 435 1590 606 1642; x_wconf 83' lang='lat' dir='ltr'><strong>adspirat</strong></span> <span class='ocrx_word' id='word_1_99' title='bbox 621 1590 810 1630; x_wconf 88' lang='lat' dir='ltr'><strong>submissa</strong></span> <span class='ocrx_word' id='word_1_100' title='bbox 828 1603 921 1630; x_wconf 91' lang='lat' dir='ltr'><strong>voce</strong></span> <span class='ocrx_word' id='word_1_101' title='bbox 939 1591 1105 1642; x_wconf 86' lang='lat' dir='ltr'><strong>quietem</strong></span> 
     </span>
     <span class='ocr_line' id='line_1_18' title="bbox 215 1673 1230 1726; baseline -0.001 -13"><span class='ocrx_word' id='word_1_102' title='bbox 215 1674 395 1713; x_wconf 85' lang='lat' dir='ltr'><strong>Oceanus</strong></span> <span class='ocrx_word' id='word_1_103' title='bbox 412 1688 422 1721; x_wconf 92' lang='grc'><strong>;</strong></span> <span class='ocrx_word' id='word_1_104' title='bbox 453 1673 621 1726; x_wconf 83' lang='lat' dir='ltr'><strong>Zephyri</strong></span> <span class='ocrx_word' id='word_1_105' title='bbox 637 1674 781 1713; x_wconf 88' lang='lat' dir='ltr'><strong>mulcet</strong></span> <span class='ocrx_word' id='word_1_106' title='bbox 799 1673 894 1712; x_wconf 89' lang='lat' dir='ltr'><strong>levis</strong></span> <span class='ocrx_word' id='word_1_107' title='bbox 912 1687 1030 1725; x_wconf 87' lang='lat' dir='ltr'><strong>usque</strong></span> <span class='ocrx_word' id='word_1_108' title='bbox 1047 1674 1230 1714; x_wconf 82' lang='lat' dir='ltr'><strong>virentem</strong></span> 
     </span>
     <span class='ocr_line' id='line_1_19' title="bbox 214 1759 1194 1812; baseline -0.001 -14"><span class='ocrx_word' id='word_1_109' title='bbox 214 1759 293 1798; x_wconf 84' lang='lat' dir='ltr'><strong>Ala</strong></span> <span class='ocrx_word' id='word_1_110' title='bbox 310 1766 452 1806; x_wconf 85' lang='lat' dir='ltr'><strong>torum,</strong></span> <span class='ocrx_word' id='word_1_111' title='bbox 473 1759 696 1811; x_wconf 85' lang='lat' dir='ltr'><strong>liquidoque</strong></span> <span class='ocrx_word' id='word_1_112' title='bbox 716 1760 854 1798; x_wconf 85' lang='lat' dir='ltr'><strong>irrorat</strong></span> <span class='ocrx_word' id='word_1_113' title='bbox 871 1759 1015 1798; x_wconf 86' lang='lat' dir='ltr'><strong>lumine</strong></span> <span class='ocrx_word' id='word_1_114' title='bbox 1031 1759 1194 1812; x_wconf 82' lang='lat' dir='ltr'><strong>Vesper.</strong></span> 
     </span>
     <span class='ocr_line' id='line_1_20' title="bbox 210 1844 1118 1898; baseline -0.001 -14"><span class='ocrx_word' id='word_1_115' title='bbox 210 1845 256 1884; x_wconf 83' lang='lat' dir='ltr'>N</span> <span class='ocrx_word' id='word_1_116' title='bbox 258 1858 302 1885; x_wconf 90' lang='lat' dir='ltr'><strong>ec</strong></span> <span class='ocrx_word' id='word_1_117' title='bbox 317 1851 444 1884; x_wconf 88' lang='lat' dir='ltr'><strong>tamen</strong></span> <span class='ocrx_word' id='word_1_118' title='bbox 463 1844 501 1883; x_wconf 90' lang='lat' dir='ltr'><strong>in</strong></span> <span class='ocrx_word' id='word_1_119' title='bbox 519 1844 630 1884; x_wconf 88' lang='lat' dir='ltr'><strong>terris</strong></span> <span class='ocrx_word' id='word_1_120' title='bbox 648 1845 744 1884; x_wconf 86' lang='lat' dir='ltr'><strong>adeo</strong></span> <span class='ocrx_word' id='word_1_121' title='bbox 764 1851 828 1884; x_wconf 82' lang='lat' dir='ltr'><strong>tua</strong></span> <span class='ocrx_word' id='word_1_122' title='bbox 846 1845 971 1884; x_wconf 86' lang='lat' dir='ltr'><strong>dulcis</strong></span> <span class='ocrx_word' id='word_1_123' title='bbox 989 1845 1118 1898; x_wconf 84' lang='lat' dir='ltr'><strong>imago</strong></span> 
     </span>
     <span class='ocr_line' id='line_1_21' title="bbox 214 1930 1156 1970; baseline 0.002 -2"><span class='ocrx_word' id='word_1_124' title='bbox 214 1930 398 1970; x_wconf 87' lang='lat' dir='ltr'><strong>Occidit:</strong></span> <span class='ocrx_word' id='word_1_125' title='bbox 427 1930 605 1970; x_wconf 85' lang='lat' dir='ltr'><strong>attollant</strong></span> <span class='ocrx_word' id='word_1_126' title='bbox 625 1936 750 1969; x_wconf 86' lang='lat' dir='ltr'><strong>vastas</strong></span> <span class='ocrx_word' id='word_1_127' title='bbox 769 1930 849 1970; x_wconf 89' lang='lat' dir='ltr'><strong>sine</strong></span> <span class='ocrx_word' id='word_1_128' title='bbox 863 1931 1018 1969; x_wconf 90' lang='lat' dir='ltr'><strong>nomine</strong></span> <span class='ocrx_word' id='word_1_129' title='bbox 1038 1930 1156 1970; x_wconf 87' lang='lat' dir='ltr'><strong>moles</strong></span> 
     </span>
     <span class='ocr_line' id='line_1_22' title="bbox 214 2013 1221 2063; baseline 0 -12"><span class='ocrx_word' id='word_1_130' title='bbox 214 2013 490 2063; x_wconf 85' lang='lat' dir='ltr'><strong>Pyramidum,</strong></span> <span class='ocrx_word' id='word_1_131' title='bbox 511 2020 579 2053; x_wconf 85' lang='lat' dir='ltr'><strong>aut</strong></span> <span class='ocrx_word' id='word_1_132' title='bbox 596 2013 728 2052; x_wconf 84' lang='lat' dir='ltr'><strong>titulos</strong></span> <span class='ocrx_word' id='word_1_133' title='bbox 747 2013 919 2052; x_wconf 89' lang='lat' dir='ltr'><strong>incidant</strong></span> <span class='ocrx_word' id='word_1_134' title='bbox 938 2026 1012 2052; x_wconf 85' lang='lat' dir='ltr'><strong>aere</strong></span> <span class='ocrx_word' id='word_1_135' title='bbox 1038 2014 1221 2061; x_wconf 84' lang='lat' dir='ltr'><strong>caducos,</strong></span> 
     </span>
    </p>
   </div>
   <div class='ocr_carea' id='block_1_3' title="bbox 215 2097 1260 2152">
    <p class='ocr_par' dir='ltr' id='par_1_4' title="bbox 215 2097 1260 2152">
     <span class='ocr_line' id='line_1_23' title="bbox 215 2097 1260 2152; baseline 0 -15"><span class='ocrx_word' id='word_1_136' title='bbox 215 2097 352 2137; x_wconf 83' lang='lat' dir='ltr'><strong>Gloria</strong></span> <span class='ocrx_word' id='word_1_137' title='bbox 371 2112 468 2150; x_wconf 88' lang='lat' dir='ltr'><strong>quos</strong></span> <span class='ocrx_word' id='word_1_138' title='bbox 485 2099 666 2138; x_wconf 86' lang='lat' dir='ltr'><strong>brevibus</strong></span> <span class='ocrx_word' id='word_1_139' title='bbox 684 2098 777 2138; x_wconf 89' lang='lat' dir='ltr'><strong>lusit</strong></span> <span class='ocrx_word' id='word_1_140' title='bbox 795 2099 894 2138; x_wconf 87' lang='lat' dir='ltr'><strong>male</strong></span> <span class='ocrx_word' id='word_1_141' title='bbox 914 2107 1023 2152; x_wconf 80' lang='lat' dir='ltr'><strong>parta</strong></span> <span class='ocrx_word' id='word_1_142' title='bbox 1043 2098 1260 2151; x_wconf 85' lang='lat' dir='ltr'><strong>triumphis.</strong></span> 
     </span>
    </p>
   </div>
  </div>
 </body>
</html>
