1422 2476
122 399 291 438 Eustoni
307 397 422 437 statio
439 397 597 437 misceri
616 409 819 435 murmure
838 407 984 448 magno

34 472 36 475 v
69 502 230 555 Incipit,
250 508 289 541 et
306 501 425 554 longo
443 505 654 540 nectuntur
671 501 846 552 syrmate
864 511 1017 545 currus,

11 589 12 592 Ἰ
68 605 202 646 Visuri
221 605 393 645 Eboraci
414 618 548 645 muros
565 603 800 657 fumumque
821 602 979 642 Leodis.
996 630 999 633 -

31 742 41 761 4
69 709 262 750 Machina
279 709 500 749 detrahitur
518 708 737 760 vinclisque
752 707 902 761 ligatur
919 706 1069 753 ahenis,

68 815 133 854 Ac
152 819 285 854 manet
301 819 495 863 eructans,
513 812 717 865 fundoque
735 818 927 852 exaestuat
946 811 1039 850 imo.

12 935 14 937 ·
30 913 39 963 s
67 919 171 958 Tum
190 931 382 972 campana
401 923 529 967 sonat,
548 917 717 970 stipatus
734 923 780 956 ut
798 916 999 956 Omnibus
1016 915 1137 955 intrat

32 1009 39 1023 ξ’
72 1020 227 1061 Moenia
245 1020 411 1073 Depotiy
430 1020 694 1073 Bagmeuque
711 1018 881 1059 effundit
899 1025 938 1059 et
957 1031 1094 1058 omnes

28 1116 30 1118 ¹
73 1123 186 1171 Quos
205 1123 315 1163 vehit
333 1123 385 1162 ad
402 1122 573 1162 trainum
594 1135 700 1161 seros
719 1129 907 1176 argentea
925 1122 1124 1175 sixpencc.

127 1333 363 1372 Ascendunt
380 1346 519 1371 currus
538 1332 690 1386 baggos
707 1331 954 1384 tiketumqne
973 1337 1152 1385 gerentes

76 1437 255 1490 Quisque
274 1450 395 1476 manu
414 1435 546 1486 cauta,
565 1436 675 1489 quod
693 1435 792 1475 nulli
811 1437 991 1476 amittere
1010 1436 1070 1476 fas
1088 1439 1181 1486 est,⁴

29 1568 34 1600 3
77 1541 185 1582 Nam
204 1541 238 1580 si
255 1540 356 1580 forte
371 1540 490 1580 cadat
507 1539 706 1580 sublatum
725 1539 888 1580 flamine
905 1540 1029 1588 venti,

31 1622 34 1629 ἶ
77 1646 316 1699 Quanquam
337 1658 407 1698 per
424 1644 539 1684 divos
548 1644 707 1696 jurares
724 1651 844 1697 atque
862 1651 1054 1697 parentes,

78 1749 228 1790 Officer
245 1749 367 1788 iratus
385 1748 443 1787 nil
460 1748 650 1797 crederet,
671 1747 764 1787 iude
784 1747 1018 1787 Policemen

77 1851 252 1894 Caerulei
270 1856 473 1906 apparent,
490 1850 559 1904 qui
577 1857 615 1890 te
633 1850 879 1890 committere
897 1851 1059 1904 quaddo

28 1993 32 1996 “
76 2011 79 2014 -
123 1998 138 2017 ⁴
157 1997 233 2037 Any
246 2005 411 2036 pauenger
429 1998 486 2026 not
504 1994 671 2035 producing
685 1994 734 2025 his
749 1994 845 2026 ticket
860 1994 949 2027 when
964 1995 1060 2027 called
1075 1996 1131 2035 sor,
1146 1995 1172 2027 is
1186 1995 1278 2027 liable

82 2080 114 2106 to
127 2086 147 2106 a
161 2074 221 2105 fine
234 2072 270 2104 of
278 2073 361 2113 forty
376 2071 525 2113 shillings.
