1422 2476
670 197 720 236 12

106 375 145 414 Ν
152 389 226 415 unc
246 381 284 415 et
301 389 421 429 equos
439 376 562 416 lentos
581 384 695 430 atque
714 377 846 417 omnia
865 377 963 416 ferre
983 378 1182 425 morando,

104 478 203 519 Fata
220 480 400 531 obstan't3
419 481 579 521 miseros
598 481 702 521 intus
720 481 898 521 custodia
916 481 1039 521 clavis

96 571 271 636 'Alligat,
291 588 329 622 et
344 583 502 636 pinguis
522 583 642 623 vidua
662 583 842 636 instipata
859 590 1021 623 coercet.

104 685 326 724 Horribiles
343 685 526 739 gemitus,
546 685 780 725 morientfim
799 685 960 726 vulnera
976 698 1094 736 saeva,

102 785 296 825 Effractos
315 799 463 836 currus,
483 785 683 825 volitantia
697 799 812 826 crura
829 800 898 839 per
915 799 1043 834 auras,

96 887 336 926 Truneatum
355 894 485 940 caput,
503 894 542 927 et
559 887 739 927 mutilata
755 888 948 927 cadavera
965 894 1072 927 vaoes
1133 903 1143 911 ·

98 988 198 1035 Quis
216 989 316 1042 potis
334 995 392 1029 est
410 990 568 1030 tandem
587 989 833 1028 describere?
860 989 948 1028 dira
966 989 1078 1028 ruina

99 1091 246 1131 Omnia
264 1091 480 1141 confundit,
500 1092 703 1131 Directors
721 1098 837 1143 atque
857 1091 1085 1130 Policemen

99 1192 298 1232 Festinant
315 1192 472 1245 trepidi,
490 1193 633 1232 nitidas
649 1193 796 1232 donare
815 1192 974 1245 benigni

99 1294 397 1348 sandapilaszu
426 1295 613 1347 reddique
633 1295 718 1334 viro
736 1308 807 1334 sua
824 1307 940 1334 crura
949 1295 1129 1347 jubentes

97 1398 252 1451 Cuique
268 1398 360 1445 cito,
381 1398 548 1437 multum
567 1397 772 1450 deplorant
792 1396 960 1437 horrible
978 1403 1103 1449 upset,

98 1499 153 1539 Et
171 1500 314 1539 medici
330 1499 491 1552 longum
509 1499 740 1552 promittunt
758 1499 907 1538 solvere
926 1498 1065 1538 billum

99 1603 249 1656 Lignea
265 1616 345 1655 quo
364 1602 513 1642 mancis
533 1601 595 1641 vel
611 1601 756 1641 eorkea
773 1614 887 1641 crura
905 1609 1098 1653 parentur.

97 1705 177 1746 Sed
197 1719 274 1744 non
294 1705 368 1744 hoc
386 1705 478 1744 satis
497 1711 566 1752 est,
587 1702 824 1756 oorkeigena
844 1704 1018 1742 membra
1035 1702 1163 1754 parari

138 1860 162 1883 ¹¹
183 1862 308 1894 Nudam
323 1863 434 1893 donare
451 1859 567 1902 hanimi
583 1857 793 1900 Sandapilm]
814 1859 890 1890 This
909 1857 1090 1890 benev-olent
1106 1857 1167 1889 and
1181 1856 1275 1888 hand-

96 1947 176 1968 some
190 1937 318 1968 conduct
331 1947 370 1968 on
386 1936 437 1968 the
458 1940 526 1977 part
540 1935 573 1966 of
591 1935 732 1975 Railway
746 1934 910 1974 Dimum,
922 1932 978 1964 has
998 1933 1075 1964 been
1089 1932 1275 1963 commented

94 2023 134 2044 on
149 2011 182 2043 in
197 2012 315 2044 various
328 2011 506 2053 interesting
519 2010 638 2042 articles
651 2010 683 2041 in
699 2009 751 2041 the
764 2008 847 2040 John
864 2007 933 2039 Bull
949 2007 1146 2047 Newzwapen
1213 2037 1216 2040 ,
