1422 2476
0 0 84 275 ξ’
626 210 673 249 „

0 351 4 375 '³
57 348 206 399 Officio,
224 351 263 389 et
274 361 408 388 manes
425 361 533 388 caros
552 350 614 388 ter
631 361 724 388 voce
742 347 909 397 vocavit,

58 435 143 476 Nec
154 434 252 475 nihil
267 434 412 488 algenti
423 434 544 473 credit
557 447 754 486 superesse
771 434 931 474 favillae.

111 610 190 649 Hic
208 609 378 662 primum
397 607 565 647 tenebris
584 607 693 646 fulsit
711 606 782 645 lux
800 608 904 646 alma
921 606 1067 659 fugatis
1082 621 1091 644 :

0 679 4 701 ὲ
60 697 194 738 Rebus
211 708 356 735 numen
373 694 474 733 inest
490 708 510 732 ε·
527 694 599 733 fati
613 707 692 732 non
710 693 842 732 omnia
854 707 957 733 caeca

0 807 2 809 >
60 785 169 825 Sorte
187 783 332 832 fluunt,
349 781 516 821 nullisve
531 781 657 834 agitur
674 781 884 820 rectoribus
898 793 1040 820 aevum.

0 854 3 892 ἐ
61 872 133 910 Est
151 870 248 909 coelo
264 870 424 909 virtutis
440 870 575 918 honos,
594 872 687 907 sunt
705 867 817 906 tarda
834 867 1026 905 malorum

62 958 272 1011 Supplicia,
292 963 330 997 et
346 958 500 997 nebulis
518 957 666 996 cinctus
684 955 932 1009 nigrantibus
952 954 1072 993 Ultor

62 1043 275 1093 Fulminat,
295 1057 339 1082 ac
356 1043 473 1082 rutila
493 1046 607 1082 terret
625 1041 740 1081 corda
757 1040 879 1092 impia
896 1040 1044 1078 dextra.

0 1122 3 1139 ³
64 1130 282 1170 Omniferos
295 1144 364 1169 nec
384 1134 429 1169 ut
448 1136 537 1169 ante
555 1129 679 1180 aperit
696 1128 896 1167 laetissima
913 1128 1056 1166 flustra

62 1211 178 1252 Terra
191 1212 312 1262 sinus,
330 1212 505 1250 nullosve
521 1211 583 1249 sui
601 1211 816 1249 communis
834 1223 983 1249 amores

65 1298 254 1338 Accendit
280 1298 470 1351 genetrix.
510 1297 735 1336 Formosam
756 1296 881 1336 didita
898 1296 976 1335 late

66 1386 179 1425 Mens
198 1386 344 1425 animat
365 1386 507 1424 molem
527 1389 566 1424 et
586 1392 788 1436 permanat
798 1384 891 1423 viva
909 1390 1103 1423 venustas.

121 1561 219 1599 Mox
233 1561 350 1600 etiam
370 1560 510 1600 studiis
528 1560 640 1599 decor
657 1558 827 1598 additus.
869 1558 1013 1597 Intulit
1031 1561 1132 1597 artes

11 1647 13 1650 ⁴
69 1645 237 1699 Religio,
259 1649 376 1699 atque
395 1659 530 1685 omnes
547 1644 703 1697 penitus
722 1643 940 1698 generosior
954 1648 1074 1685 aestus

67 1733 251 1784 Percitat,
271 1737 310 1773 et
331 1747 442 1773 curas
459 1734 554 1772 alios
572 1732 747 1772 extendit
765 1732 808 1771 in
818 1744 952 1770 annos.

70 1819 292 1874 Assurgunt
306 1820 430 1859 niveis
449 1820 550 1859 inter
565 1823 737 1871 myrteta
755 1818 945 1857 columnis

73 1904 233 1958 Templa
253 1906 402 1955 Deum,
422 1920 525 1946 seros
543 1906 694 1959 generis
712 1906 844 1944 visura
864 1909 1039 1956 nepotes,

73 1989 126 2029 Et
143 1992 277 2044 gracili
298 1993 411 2032 discit
430 1992 672 2032 frondescere
691 2007 860 2032 marmor
880 1993 1046 2032 acantho

72 2076 204 2130 Atque
220 2078 318 2118 alius
337 2078 496 2132 liquidis
513 2093 653 2118 vocum
672 2079 894 2118 discrimina
907 2078 1059 2117 chordis

71 2162 202 2214 Elicit,
220 2169 288 2205 aut
307 2165 452 2218 patrias
470 2165 617 2206 inculto
636 2166 804 2205 carmine
818 2178 986 2219 pugnas,
