<?xml version="1.0" encoding="UTF-8"?>
<!DOCTYPE html PUBLIC "-//W3C//DTD XHTML 1.0 Transitional//EN"
    "http://www.w3.org/TR/xhtml1/DTD/xhtml1-transitional.dtd">
<html xmlns="http://www.w3.org/1999/xhtml" xml:lang="en" lang="en">
 <head>
  <title>
</title>
<meta http-equiv="Content-Type" content="text/html;charset=utf-8" />
  <meta name='ocr-system' content='tesseract 3.04.00' />
  <meta name='ocr-capabilities' content='ocr_page ocr_carea ocr_par ocr_line ocrx_word'/>
</head>
<body>
  <div class='ocr_page' id='page_1' title='image "./oxoniensa00oxonuoft_0170.png"; bbox 0 0 1422 2476; ppageno 0'>
   <div class='ocr_carea' id='block_1_1' title="bbox 767 158 794 198">
    <p class='ocr_par' dir='ltr' id='par_1_1' title="bbox 767 158 794 198">
     <span class='ocr_line' id='line_1_1' title="bbox 767 158 794 198; baseline 0 0"><span class='ocrx_word' id='word_1_1' title='bbox 767 158 794 198; x_wconf 82' lang='lat'><em>8</em></span> 
     </span>
    </p>
   </div>
   <div class='ocr_carea' id='block_1_2' title="bbox 182 292 1358 2039">
    <p class='ocr_par' dir='ltr' id='par_1_2' title="bbox 187 292 1358 1618">
     <span class='ocr_line' id='line_1_2' title="bbox 245 292 1151 345; baseline 0.003 -14"><span class='ocrx_word' id='word_1_2' title='bbox 245 293 369 341; x_wconf 87' lang='lat' dir='ltr'><strong>Vidit,</strong></span> <span class='ocrx_word' id='word_1_3' title='bbox 387 297 426 332; x_wconf 84' lang='lat' dir='ltr'><strong>et</strong></span> <span class='ocrx_word' id='word_1_4' title='bbox 441 293 626 332; x_wconf 82' lang='lat' dir='ltr'><strong>intumuit</strong></span> <span class='ocrx_word' id='word_1_5' title='bbox 642 295 774 332; x_wconf 79' lang='lat' dir='ltr'><strong>sancta</strong></span> <span class='ocrx_word' id='word_1_6' title='bbox 791 292 988 332; x_wconf 85' lang='lat' dir='ltr'><strong>dulcedine</strong></span> <span class='ocrx_word' id='word_1_7' title='bbox 1005 298 1151 345; x_wconf 87' lang='lat' dir='ltr'><strong>pectus,</strong></span> 
     </span>
     <span class='ocr_line' id='line_1_3' title="bbox 192 378 1097 430; baseline 0.002 -14"><span class='ocrx_word' id='word_1_8' title='bbox 192 378 315 430; x_wconf 87' lang='lat' dir='ltr'>Inque</span> <span class='ocrx_word' id='word_1_9' title='bbox 332 391 450 418; x_wconf 86' lang='lat' dir='ltr'><strong>novas</strong></span> <span class='ocrx_word' id='word_1_10' title='bbox 467 379 591 417; x_wconf 80' lang='lat' dir='ltr'><strong>fausto</strong></span> <span class='ocrx_word' id='word_1_11' title='bbox 608 378 731 430; x_wconf 78' lang='lat' dir='ltr'><strong>surgit</strong></span> <span class='ocrx_word' id='word_1_12' title='bbox 748 391 816 416; x_wconf 86' lang='lat' dir='ltr'><strong>rex</strong></span> <span class='ocrx_word' id='word_1_13' title='bbox 835 378 960 417; x_wconf 83' lang='lat' dir='ltr'><strong>omine</strong></span> <span class='ocrx_word' id='word_1_14' title='bbox 978 392 1097 418; x_wconf 79' lang='lat' dir='ltr'><strong>curas.</strong></span> 
     </span>
     <span class='ocr_line' id='line_1_4' title="bbox 192 463 1064 515; baseline 0 -13"><span class='ocrx_word' id='word_1_15' title='bbox 192 463 341 502; x_wconf 87' lang='lat' dir='ltr'><strong>Abdita</strong></span> <span class='ocrx_word' id='word_1_16' title='bbox 351 464 462 502; x_wconf 86' lang='lat' dir='ltr'><strong>vallis</strong></span> <span class='ocrx_word' id='word_1_17' title='bbox 479 467 559 502; x_wconf 82' lang='lat' dir='ltr'><strong>erat</strong></span> <span class='ocrx_word' id='word_1_18' title='bbox 578 463 691 502; x_wconf 87' lang='lat' dir='ltr'><strong>viridi</strong></span> <span class='ocrx_word' id='word_1_19' title='bbox 708 464 888 515; x_wconf 85' lang='lat' dir='ltr'><strong>spelunca</strong></span> <span class='ocrx_word' id='word_1_20' title='bbox 905 477 1064 511; x_wconf 86' lang='lat' dir='ltr'><strong>recessu,</strong></span> 
     </span>
     <span class='ocr_line' id='line_1_5' title="bbox 191 547 1205 600; baseline 0 -14"><span class='ocrx_word' id='word_1_21' title='bbox 191 548 366 587; x_wconf 87' lang='lat' dir='ltr'><strong>Plurima</strong></span> <span class='ocrx_word' id='word_1_22' title='bbox 377 561 492 600; x_wconf 86' lang='lat' dir='ltr'><strong>quam</strong></span> <span class='ocrx_word' id='word_1_23' title='bbox 512 547 629 586; x_wconf 82' lang='lat' dir='ltr'><strong>densa</strong></span> <span class='ocrx_word' id='word_1_24' title='bbox 644 561 835 586; x_wconf 79' lang='lat' dir='ltr'><strong>ramorum</strong></span> <span class='ocrx_word' id='word_1_25' title='bbox 855 548 1052 586; x_wconf 79' lang='lat' dir='ltr'><strong>obtexerat</strong></span> <span class='ocrx_word' id='word_1_26' title='bbox 1070 547 1205 586; x_wconf 84' lang='lat' dir='ltr'><strong>umbra</strong></span> 
     </span>
     <span class='ocr_line' id='line_1_6' title="bbox 191 631 1152 684; baseline -0.001 -12"><span class='ocrx_word' id='word_1_27' title='bbox 191 634 381 680; x_wconf 84' lang='lat' dir='ltr'><strong>Arbutus,</strong></span> <span class='ocrx_word' id='word_1_28' title='bbox 401 637 440 672; x_wconf 88' lang='lat' dir='ltr'><strong>et</strong></span> <span class='ocrx_word' id='word_1_29' title='bbox 458 646 577 684; x_wconf 92' lang='lat' dir='ltr'><strong>prono</strong></span> <span class='ocrx_word' id='word_1_30' title='bbox 595 634 679 672; x_wconf 88' lang='lat' dir='ltr'><strong>fons</strong></span> <span class='ocrx_word' id='word_1_31' title='bbox 696 632 839 672; x_wconf 86' lang='lat' dir='ltr'><strong>vitreus</strong></span> <span class='ocrx_word' id='word_1_32' title='bbox 858 645 969 671; x_wconf 82' lang='lat' dir='ltr'><strong>amne</strong></span> <span class='ocrx_word' id='word_1_33' title='bbox 990 631 1152 684; x_wconf 80' lang='lat' dir='ltr'><strong>rigabat,</strong></span> 
     </span>
     <span class='ocr_line' id='line_1_7' title="bbox 191 717 1065 771; baseline -0.003 -14"><span class='ocrx_word' id='word_1_34' title='bbox 191 718 342 771; x_wconf 87' lang='lat' dir='ltr'><strong>Egeriae</strong></span> <span class='ocrx_word' id='word_1_35' title='bbox 362 719 491 764; x_wconf 81' lang='lat' dir='ltr'><strong>sedes3</strong></span> <span class='ocrx_word' id='word_1_36' title='bbox 517 718 587 756; x_wconf 87' lang='lat' dir='ltr'><strong>dea</strong></span> <span class='ocrx_word' id='word_1_37' title='bbox 605 731 692 770; x_wconf 86' lang='lat' dir='ltr'><strong>quae</strong></span> <span class='ocrx_word' id='word_1_38' title='bbox 711 717 883 756; x_wconf 84' lang='lat' dir='ltr'><strong>mortalis</strong></span> <span class='ocrx_word' id='word_1_39' title='bbox 899 730 1065 755; x_wconf 90' lang='lat' dir='ltr'><strong>amorem</strong></span> 
     </span>
     <span class='ocr_line' id='line_1_8' title="bbox 191 800 1122 854; baseline -0.002 -14"><span class='ocrx_word' id='word_1_40' title='bbox 191 801 309 841; x_wconf 82' lang='lat' dir='ltr'>Passa</span> <span class='ocrx_word' id='word_1_41' title='bbox 327 802 416 850; x_wconf 86' lang='lat' dir='ltr'><strong>viri,</strong></span> <span class='ocrx_word' id='word_1_42' title='bbox 436 806 474 841; x_wconf 91' lang='lat' dir='ltr'><strong>et</strong></span> <span class='ocrx_word' id='word_1_43' title='bbox 493 801 620 854; x_wconf 85' lang='lat' dir='ltr'><strong>dignis</strong></span> <span class='ocrx_word' id='word_1_44' title='bbox 638 801 840 852; x_wconf 83' lang='lat' dir='ltr'><strong>respondet</strong></span> <span class='ocrx_word' id='word_1_45' title='bbox 859 800 1006 839; x_wconf 89' lang='lat' dir='ltr'><strong>conscia</strong></span> <span class='ocrx_word' id='word_1_46' title='bbox 1023 801 1122 839; x_wconf 85' lang='lat' dir='ltr'><strong>curis</strong></span> 
     </span>
     <span class='ocr_line' id='line_1_9' title="bbox 192 885 1124 939; baseline -0.004 -13"><span class='ocrx_word' id='word_1_47' title='bbox 192 888 297 935; x_wconf 89' lang='lat' dir='ltr'><strong>Huc,</strong></span> <span class='ocrx_word' id='word_1_48' title='bbox 318 887 467 939; x_wconf 85' lang='lat' dir='ltr'><strong>quoties</strong></span> <span class='ocrx_word' id='word_1_49' title='bbox 486 891 603 925; x_wconf 83' lang='lat' dir='ltr'><strong>terras</strong></span> <span class='ocrx_word' id='word_1_50' title='bbox 621 887 698 925; x_wconf 88' lang='lat' dir='ltr'><strong>late</strong></span> <span class='ocrx_word' id='word_1_51' title='bbox 713 899 824 936; x_wconf 89' lang='lat' dir='ltr'><strong>sopor</strong></span> <span class='ocrx_word' id='word_1_52' title='bbox 841 886 942 924; x_wconf 84' lang='lat' dir='ltr'><strong>altus</strong></span> <span class='ocrx_word' id='word_1_53' title='bbox 957 885 1124 931; x_wconf 82' lang='lat' dir='ltr'><strong>haberet,</strong></span> 
     </span>
     <span class='ocr_line' id='line_1_10' title="bbox 193 970 1026 1021; baseline -0.005 -9"><span class='ocrx_word' id='word_1_54' title='bbox 193 973 296 1021; x_wconf 87' lang='lat' dir='ltr'><strong>Ibat,</strong></span> <span class='ocrx_word' id='word_1_55' title='bbox 313 978 351 1012; x_wconf 83' lang='lat' dir='ltr'><strong>et</strong></span> <span class='ocrx_word' id='word_1_56' title='bbox 369 986 505 1011; x_wconf 87' lang='lat' dir='ltr'><strong>arcano</strong></span> <span class='ocrx_word' id='word_1_57' title='bbox 519 976 670 1011; x_wconf 91' lang='lat' dir='ltr'><strong>noctem</strong></span> <span class='ocrx_word' id='word_1_58' title='bbox 691 985 860 1011; x_wconf 77' lang='lat' dir='ltr'><strong>sermone</strong></span> <span class='ocrx_word' id='word_1_59' title='bbox 879 970 1026 1009; x_wconf 87' lang='lat' dir='ltr'><strong>terebat</strong></span> 
     </span>
     <span class='ocr_line' id='line_1_11' title="bbox 191 1057 1084 1110; baseline -0.004 -12"><span class='ocrx_word' id='word_1_60' title='bbox 191 1059 406 1110; x_wconf 85' lang='lat' dir='ltr'><strong>Pompilius</strong></span> <span class='ocrx_word' id='word_1_61' title='bbox 421 1075 430 1097; x_wconf 75' lang='grc' dir='ltr'>ε</span> <span class='ocrx_word' id='word_1_62' title='bbox 459 1072 585 1097; x_wconf 89' lang='lat' dir='ltr'><strong>rerum</strong></span> <span class='ocrx_word' id='word_1_63' title='bbox 602 1058 750 1096; x_wconf 85' lang='lat' dir='ltr'><strong>nebulis</strong></span> <span class='ocrx_word' id='word_1_64' title='bbox 768 1060 910 1096; x_wconf 86' lang='lat' dir='ltr'><strong>secreta</strong></span> <span class='ocrx_word' id='word_1_65' title='bbox 929 1057 1084 1095; x_wconf 88' lang='lat' dir='ltr'><strong>remotis</strong></span> 
     </span>
     <span class='ocr_line' id='line_1_12' title="bbox 190 1141 1099 1195; baseline -0.003 -13"><span class='ocrx_word' id='word_1_66' title='bbox 190 1144 265 1182; x_wconf 91' lang='lat' dir='ltr'><strong>Illa</strong></span> <span class='ocrx_word' id='word_1_67' title='bbox 280 1143 387 1195; x_wconf 89' lang='lat' dir='ltr'><strong>sequi</strong></span> <span class='ocrx_word' id='word_1_68' title='bbox 406 1143 535 1182; x_wconf 90' lang='lat' dir='ltr'><strong>docuit</strong></span> <span class='ocrx_word' id='word_1_69' title='bbox 550 1158 561 1189; x_wconf 85' lang='lat'>3</span> <span class='ocrx_word' id='word_1_70' title='bbox 590 1156 666 1195; x_wconf 92' lang='lat' dir='ltr'><strong>quo</strong></span> <span class='ocrx_word' id='word_1_71' title='bbox 684 1156 723 1181; x_wconf 88' lang='lat' dir='ltr'><strong>se</strong></span> <span class='ocrx_word' id='word_1_72' title='bbox 742 1141 960 1180; x_wconf 84' lang='lat' dir='ltr'><strong>revolubilis</strong></span> <span class='ocrx_word' id='word_1_73' title='bbox 976 1155 1099 1180; x_wconf 82' lang='lat' dir='ltr'><strong>annus</strong></span> 
     </span>
     <span class='ocr_line' id='line_1_13' title="bbox 188 1227 1082 1280; baseline -0.003 -12"><span class='ocrx_word' id='word_1_74' title='bbox 188 1229 347 1268; x_wconf 86' lang='lat' dir='ltr'><strong>Foedere</strong></span> <span class='ocrx_word' id='word_1_75' title='bbox 366 1229 574 1276; x_wconf 86' lang='lat' dir='ltr'><strong>continuet,</strong></span> <span class='ocrx_word' id='word_1_76' title='bbox 593 1228 678 1280; x_wconf 85' lang='lat' dir='ltr'><strong>quis</strong></span> <span class='ocrx_word' id='word_1_77' title='bbox 696 1227 783 1266; x_wconf 84' lang='lat' dir='ltr'><strong>coeli</strong></span> <span class='ocrx_word' id='word_1_78' title='bbox 798 1227 957 1278; x_wconf 80' lang='lat' dir='ltr'><strong>spiritus</strong></span> <span class='ocrx_word' id='word_1_79' title='bbox 974 1228 1082 1266; x_wconf 86' lang='lat' dir='ltr'><strong>orbes</strong></span> 
     </span>
     <span class='ocr_line' id='line_1_14' title="bbox 189 1309 1146 1363; baseline -0.003 -12"><span class='ocrx_word' id='word_1_80' title='bbox 189 1313 300 1352; x_wconf 82' lang='lat' dir='ltr'><strong>Intus</strong></span> <span class='ocrx_word' id='word_1_81' title='bbox 319 1313 410 1360; x_wconf 83' lang='lat' dir='ltr'><strong>alat,</strong></span> <span class='ocrx_word' id='word_1_82' title='bbox 427 1312 585 1363; x_wconf 90' lang='lat' dir='ltr'><strong>pulchro</strong></span> <span class='ocrx_word' id='word_1_83' title='bbox 604 1323 690 1363; x_wconf 88' lang='lat' dir='ltr'><strong>quae</strong></span> <span class='ocrx_word' id='word_1_84' title='bbox 705 1311 755 1349; x_wconf 90' lang='lat' dir='ltr'><strong>sit</strong></span> <span class='ocrx_word' id='word_1_85' title='bbox 775 1309 972 1349; x_wconf 78' lang='lat' dir='ltr'><strong>concordia</strong></span> <span class='ocrx_word' id='word_1_86' title='bbox 988 1310 1146 1348; x_wconf 92' lang='lat' dir='ltr'><strong>mundo.</strong></span> 
     </span>
     <span class='ocr_line' id='line_1_15' title="bbox 188 1397 1358 1450; baseline -0.003 -12"><span class='ocrx_word' id='word_1_87' title='bbox 188 1400 362 1438; x_wconf 89' lang='lat' dir='ltr'><strong>Numina</strong></span> <span class='ocrx_word' id='word_1_88' title='bbox 375 1399 463 1437; x_wconf 86' lang='lat' dir='ltr'><strong>dein</strong></span> <span class='ocrx_word' id='word_1_89' title='bbox 481 1402 678 1450; x_wconf 87' lang='lat' dir='ltr'><strong>coetusque</strong></span> <span class='ocrx_word' id='word_1_90' title='bbox 697 1397 841 1443; x_wconf 72' lang='lat' dir='ltr'><strong>Deum,</strong></span> <span class='ocrx_word' id='word_1_91' title='bbox 857 1397 999 1449; x_wconf 89' lang='lat' dir='ltr'><strong>quique</strong></span> <span class='ocrx_word' id='word_1_92' title='bbox 1015 1397 1158 1436; x_wconf 87' lang='lat' dir='ltr'><strong>aethera</strong></span> <span class='ocrx_word' id='word_1_93' title='bbox 1175 1410 1358 1449; x_wconf 83' lang='lat' dir='ltr'><strong>magnum</strong></span> 
     </span>
     <span class='ocr_line' id='line_1_16' title="bbox 187 1481 1275 1537; baseline -0.006 -13"><span class='ocrx_word' id='word_1_94' title='bbox 187 1486 343 1537; x_wconf 82' lang='lat' dir='ltr'><strong>Quique</strong></span> <span class='ocrx_word' id='word_1_95' title='bbox 362 1488 493 1524; x_wconf 87' lang='lat' dir='ltr'><strong>tenent</strong></span> <span class='ocrx_word' id='word_1_96' title='bbox 511 1487 641 1531; x_wconf 83' lang='lat' dir='ltr'><strong>terras,</strong></span> <span class='ocrx_word' id='word_1_97' title='bbox 661 1485 700 1522; x_wconf 86' lang='lat' dir='ltr'><strong>et</strong></span> <span class='ocrx_word' id='word_1_98' title='bbox 718 1495 880 1534; x_wconf 89' lang='lat' dir='ltr'><strong>quorum</strong></span> <span class='ocrx_word' id='word_1_99' title='bbox 900 1481 1134 1520; x_wconf 80' lang='lat' dir='ltr'><strong>Acherontia.</strong></span> <span class='ocrx_word' id='word_1_100' title='bbox 1146 1494 1275 1532; x_wconf 84' lang='lat' dir='ltr'><strong>regna,</strong></span> 
     </span>
     <span class='ocr_line' id='line_1_17' title="bbox 187 1566 1036 1618; baseline -0.006 -10"><span class='ocrx_word' id='word_1_101' title='bbox 187 1570 346 1618; x_wconf 86' lang='lat' dir='ltr'><strong>Edoeet,</strong></span> <span class='ocrx_word' id='word_1_102' title='bbox 364 1573 404 1607; x_wconf 88' lang='lat' dir='ltr'><strong>et</strong></span> <span class='ocrx_word' id='word_1_103' title='bbox 422 1568 546 1607; x_wconf 81' lang='lat' dir='ltr'><strong>varias</strong></span> <span class='ocrx_word' id='word_1_104' title='bbox 563 1568 670 1606; x_wconf 88' lang='lat' dir='ltr'><strong>cultu</strong></span> <span class='ocrx_word' id='word_1_105' title='bbox 687 1566 922 1604; x_wconf 83' lang='lat' dir='ltr'><strong>discriminat</strong></span> <span class='ocrx_word' id='word_1_106' title='bbox 939 1578 1036 1604; x_wconf 85' lang='lat' dir='ltr'><strong>aras.</strong></span> 
     </span>
    </p>

    <p class='ocr_par' dir='ltr' id='par_1_3' title="bbox 182 1652 1155 2039">
     <span class='ocr_line' id='line_1_18' title="bbox 187 1652 1123 1702; baseline -0.005 -10"><span class='ocrx_word' id='word_1_107' title='bbox 187 1653 261 1692; x_wconf 89' lang='lat' dir='ltr'><strong>Ille</strong></span> <span class='ocrx_word' id='word_1_108' title='bbox 274 1654 352 1693; x_wconf 88' lang='lat' dir='ltr'><strong>suis</strong></span> <span class='ocrx_word' id='word_1_109' title='bbox 370 1652 552 1698; x_wconf 71' lang='lat' dir='ltr'><strong>mandata</strong></span> <span class='ocrx_word' id='word_1_110' title='bbox 569 1653 684 1698; x_wconf 85' lang='lat' dir='ltr'><strong>canit,</strong></span> <span class='ocrx_word' id='word_1_111' title='bbox 702 1663 922 1702; x_wconf 88' lang='lat' dir='ltr'><strong>moremque</strong></span> <span class='ocrx_word' id='word_1_112' title='bbox 935 1663 1123 1689; x_wconf 79' lang='lat' dir='ltr'><strong>sacrorum</strong></span> 
     </span>
     <span class='ocr_line' id='line_1_19' title="bbox 186 1735 1068 1788; baseline -0.007 -10"><span class='ocrx_word' id='word_1_113' title='bbox 186 1739 365 1788; x_wconf 80' lang='lat' dir='ltr'><strong>ordinat,</strong></span> <span class='ocrx_word' id='word_1_114' title='bbox 383 1741 422 1775; x_wconf 84' lang='lat' dir='ltr'><strong>et</strong></span> <span class='ocrx_word' id='word_1_115' title='bbox 440 1736 552 1774; x_wconf 87' lang='lat' dir='ltr'><strong>certis</strong></span> <span class='ocrx_word' id='word_1_116' title='bbox 569 1736 743 1788; x_wconf 86' lang='lat' dir='ltr'><strong>designat</strong></span> <span class='ocrx_word' id='word_1_117' title='bbox 760 1739 932 1785; x_wconf 81' lang='lat' dir='ltr'><strong>tempora</strong></span> <span class='ocrx_word' id='word_1_118' title='bbox 949 1735 1068 1773; x_wconf 80' lang='lat' dir='ltr'><strong>fastis.</strong></span> 
     </span>
     <span class='ocr_line' id='line_1_20' title="bbox 185 1818 1100 1873; baseline -0.008 -10"><span class='ocrx_word' id='word_1_119' title='bbox 185 1822 411 1863; x_wconf 86' lang='lat' dir='ltr'><strong>Ooelicolum</strong></span> <span class='ocrx_word' id='word_1_120' title='bbox 425 1821 518 1873; x_wconf 84' lang='lat' dir='ltr'><strong>regi,</strong></span> <span class='ocrx_word' id='word_1_121' title='bbox 530 1819 736 1871; x_wconf 86' lang='lat' dir='ltr'><strong>Martique,</strong></span> <span class='ocrx_word' id='word_1_122' title='bbox 749 1819 926 1870; x_wconf 83' lang='lat' dir='ltr'><strong>patrique</strong></span> <span class='ocrx_word' id='word_1_123' title='bbox 937 1818 1100 1864; x_wconf 79' lang='lat' dir='ltr'><strong>Quirino</strong></span> 
     </span>
     <span class='ocr_line' id='line_1_21' title="bbox 184 1901 1149 1956; baseline -0.008 -9"><span class='ocrx_word' id='word_1_124' title='bbox 184 1909 291 1947; x_wconf 87' lang='lat' dir='ltr'><strong>Ante</strong></span> <span class='ocrx_word' id='word_1_125' title='bbox 309 1919 452 1955; x_wconf 87' lang='lat' dir='ltr'><strong>omnes,</strong></span> <span class='ocrx_word' id='word_1_126' title='bbox 472 1905 649 1944; x_wconf 71' lang='lat' dir='ltr'><strong>Romana</strong></span> <span class='ocrx_word' id='word_1_127' title='bbox 667 1903 806 1956; x_wconf 85' lang='lat' dir='ltr'><strong>quibus</strong></span> <span class='ocrx_word' id='word_1_128' title='bbox 824 1901 1020 1954; x_wconf 84' lang='lat' dir='ltr'><strong>Capitolia</strong></span> <span class='ocrx_word' id='word_1_129' title='bbox 1034 1915 1149 1951; x_wconf 86' lang='lat' dir='ltr'><strong>curae,</strong></span> 
     </span>
     <span class='ocr_line' id='line_1_22' title="bbox 182 1988 1155 2039; baseline -0.005 -8"><span class='ocrx_word' id='word_1_130' title='bbox 182 1992 325 2031; x_wconf 81' lang='lat' dir='ltr'><strong>Factus</strong></span> <span class='ocrx_word' id='word_1_131' title='bbox 336 1992 478 2030; x_wconf 81' lang='lat' dir='ltr'><strong>honos:</strong></span> <span class='ocrx_word' id='word_1_132' title='bbox 506 1990 619 2029; x_wconf 88' lang='lat' dir='ltr'><strong>niveo</strong></span> <span class='ocrx_word' id='word_1_133' title='bbox 640 1989 799 2028; x_wconf 82' lang='lat' dir='ltr'><strong>Flamen</strong></span> <span class='ocrx_word' id='word_1_134' title='bbox 816 1988 986 2039; x_wconf 89' lang='lat' dir='ltr'><strong>procedit</strong></span> <span class='ocrx_word' id='word_1_135' title='bbox 999 1989 1155 2035; x_wconf 86' lang='lat' dir='ltr'><strong>amictu,</strong></span> 
     </span>
    </p>
   </div>
   <div class='ocr_carea' id='block_1_3' title="bbox 182 2071 1111 2128">
    <p class='ocr_par' dir='ltr' id='par_1_4' title="bbox 182 2071 1111 2128">
     <span class='ocr_line' id='line_1_23' title="bbox 182 2071 1111 2128; baseline -0.004 -13"><span class='ocrx_word' id='word_1_136' title='bbox 182 2075 371 2128; x_wconf 84' lang='lat' dir='ltr'><strong>Festaque</strong></span> <span class='ocrx_word' id='word_1_137' title='bbox 389 2073 587 2127; x_wconf 76' lang='lat' dir='ltr'><strong>laurigeris</strong></span> <span class='ocrx_word' id='word_1_138' title='bbox 602 2073 751 2113; x_wconf 78' lang='lat' dir='ltr'><strong>undant</strong></span> <span class='ocrx_word' id='word_1_139' title='bbox 770 2072 931 2112; x_wconf 76' lang='lat' dir='ltr'><strong>sacraria</strong></span> <span class='ocrx_word' id='word_1_140' title='bbox 949 2071 1111 2123; x_wconf 87' lang='lat' dir='ltr'><strong>pompis.</strong></span> 
     </span>
    </p>
   </div>
  </div>
 </body>
</html>
